3175 5009
817 401 856 462 12

367 587 491 662 Ibidem
514 611 544 682 p.
568 588 611 661 43
634 610 664 660 v.
688 587 717 660 3.
764 588 815 653 Ita
845 592 961 673 pergit:
1001 590 1073 654 ‘Sed
1109 591 1186 673 quid
1221 592 1290 654 dixi
1318 611 1393 654 con-

280 699 404 761 sulam?
429 699 486 781 qni
508 698 619 761 idat
605 701 784 780 tepostuo
718 698 827 760 tuoel
809 701 1055 780 etmagnopere
1079 702 1150 780 pos
1137 698 1261 761 11101
1283 717 1343 779 me,
1366 700 1392 760 si

278 808 377 887 impe
378 823 423 884 ro
446 804 616 888 obligarit
603 804 662 868 tibi
684 804 878 887 repromitto,
852 803 966 867 otE
989 804 1087 867 dices:
1118 805 1216 887 quid?
1244 806 1271 867 si
1293 806 1392 868 laces-

279 911 359 973 situs
386 911 486 991 fuero,
514 931 578 974 non
608 932 683 975 eum
711 912 807 974 simili
835 911 918 974 dicto
944 912 1178 975 remunerabo?
1225 913 1269 974 At
1292 932 1332 975 ex
1356 932 1393 975 eo

277 1016 336 1080 tibi
368 1019 521 1099 majorem
548 999 678 1082 laudem
707 1038 850 1101 quaeres,
879 1019 907 1081 si
934 1036 994 1080 nec
1023 1017 1190 1080 lacessitus
1218 1019 1393 1101 quicquam

277 1124 488 1207 responderis.
540 1125 679 1189 Verum
708 1127 734 1187 si
766 1125 854 1206 prior
880 1123 998 1204 fecerit,
1024 1123 1229 1205 respondenti
1257 1125 1316 1187 tibi
1342 1131 1392 1188 ut-

278 1251 408 1315 cunque
435 1234 550 1316 poterit
577 1232 714 1315 ignosci:
751 1236 787 1294 ut
815 1236 923 1294 autem
951 1249 1016 1291 non
1043 1230 1205 1313 inciperet,
1232 1233 1392 1315 postulavi

278 1339 317 1401 ab
342 1358 379 1401 eo
403 1345 434 1403 et
457 1341 641 1422 impetrasse
663 1357 714 1401 me
733 1337 860 1421 credol.

366 1446 474 1510 Verba
491 1447 667 1509 ‘verum—
678 1444 799 1508 fecerit’
817 1445 923 1507 nescio
941 1444 1101 1526 quomodo
1118 1444 1245 1507 defendi
1260 1447 1391 1528 possint.

276 1552 359 1615 Nam
388 1554 414 1615 si
444 1554 516 1635 quis
547 1553 592 1615 ita
622 1553 857 1634 interpretetur,
892 1556 928 1614 ut
961 1550 1088 1614 ‘fecerit’
1124 1552 1163 1613 ad
1198 1553 1391 1635 praecedens

276 1660 479 1743 participium
502 1658 688 1722 ‘lacessitus'
712 1663 832 1741 spectet
855 1663 886 1720 11
908 1658 1061 1720 omissum
1098 1659 1140 1721 sit
1166 1658 1230 1739 111,
1268 1660 1390 1722 intelle-

276 1766 484 1849 gendumque
507 1768 561 1829 sit:
587 1766 728 1846 ‘Verum
752 1766 778 1829 si
801 1766 888 1847 prior
911 1770 941 1827 te
960 1765 1164 1845 lacessiverit,
1186 1766 1309 1848 ignosci
1332 1766 1390 1828 tibi

276 1872 411 1955 poterit',
445 1873 504 1936 hoc
535 1873 625 1935 valde
653 1873 771 1934 durum
800 1870 1070 1954 artificiosumque
1093 1873 1283 1955 putaverim,
1317 1893 1390 1935 cum

276 1985 528 2043 consentaneum
552 1981 601 2060 sit,
623 1978 752 2042 ‘fecerit’
776 1998 842 2041 non
866 1979 906 2040 ad
933 1979 1060 2062 longius
1090 1984 1248 2042 remotum
1271 1979 1327 2042 sed
1351 1979 1390 2041 ad

276 2088 462 2170 proximum
496 2086 642 2166 verbum,
676 2105 740 2148 non
776 2085 816 2149 ad
851 2087 1064 2169 participium,
1098 2087 1152 2148 sed
1189 2086 1228 2148 ad
1256 2085 1390 2149 verbum

275 2193 403 2257 finitum
427 2194 547 2257 referri.
595 2194 737 2273 Accedit,
766 2193 850 2274 quod
874 2211 968 2275 aegre
991 2211 1062 2256 mea
1086 2192 1216 2275 quidem
1233 2194 1390 2256 sententia

275 2295 431 2385 particula
449 2299 582 2363 ‘verum'
606 2319 673 2361 uon
698 2319 771 2361 cum
794 2300 941 2382 proxime
964 2300 1174 2382 sequentibus
1198 2337 1241 2345 -
1265 2320 1340 2362 nam
1355 2301 1389 2362 id

276 2408 407 2490 quidem
429 2408 575 2491 ineptum
607 2410 699 2483 esset,
728 2426 802 2468 cum
833 2406 1018 2469 ‘lacessitus'
1042 2412 1073 2469 et
1095 2409 1190 2490 ‘prior
1212 2406 1390 2469 lacessitus'

275 2514 526 2596 haudquaquam
561 2515 679 2597 opponi
712 2514 837 2596 possint
875 2549 918 2558 -
958 2513 1014 2576 sed
1053 2533 1127 2576 cum
1162 2513 1261 2577 verbo
1299 2513 1389 2576 finito

275 2621 409 2705 ‘poterit'
434 2622 648 2704 conjungitur.

366 2728 477 2810 ltaque
506 2727 727 2791 emendatione
755 2747 835 2811 opus
864 2746 933 2791 esse
960 2728 1101 2805 videtum
1131 2747 1213 2810 quae
1239 2727 1391 2791 facillima

277 2840 332 2898 est.
379 2833 443 2898 Scr.
479 2836 580 2897 enim:
615 2833 781 2897 Verbum
815 2836 842 2897 si
876 2836 963 2918 prior
996 2835 1107 2898 fecerit
1134 2854 1160 2898 e.
1182 2856 1210 2917 q.
1232 2855 1255 2897 s.
1307 2833 1390 2909 Quid

276 2944 362 3006 enim
386 2942 413 3003 11.
437 2943 456 3003 l.
485 2941 547 3004 dici
576 2941 722 3004 debuerit
748 2942 855 3004 verbis
885 2942 1094 3025 sequentibus
1122 2944 1297 3005 ι11111111
1324 2961 1389 3004 non

275 3049 440 3132 inciperet
476 3045 694 3129 edocemurst‘l)
750 3047 915 3111 ‘Ver'bum
955 3050 983 3111 11.
1011 3050 1031 3111 l.
1069 3050 1257 3131 praegnanti
1292 3069 1389 3111 sensu

274 3158 377 3240 primo
400 3157 469 3219 loco
492 3156 561 3238 posi
563 3159 633 3217 tum
656 3159 712 3234 est,
735 3155 965 3237 utsignificet:
939 3153 1032 3217 t‘sr
1054 3154 1107 3216 vel
1129 3175 1232 3218 unum
1256 3155 1390 3217 verbum

274 3265 361 3346 prior
382 3262 511 3326 fecerit.
556 3262 627 3324 Hac
650 3280 685 3324 re
708 3261 885 3342 asyndeton
909 3266 1092 3338 excusatur,
1117 3262 1210 3343 cujus
1228 3269 1317 3344 praet
1318 3281 1391 3324 ersa

171 3363 173 3370 ⁴
275 3370 376 3433 multa
398 3371 433 3431 11
457 3365 1054 3451 111111111111111111111111111111142)
1102 3368 1254 3432 Similiter
1274 3369 1390 3432 Noster

274 3479 416 3560 loquitur
439 3478 572 3559 114211.
593 3477 609 3536 1
636 3461 712 3538 ‘tum
738 3494 789 3538 me
814 3475 846 3537 di
870 3495 981 3538 omnes
1005 3477 1088 3538 male
1107 3475 1265 3557 addirint,
1288 3479 1314 3539 si
1331 3496 1389 3559 ego

276 3584 373 3647 verbo
408 3584 534 3647 laedere
569 3603 667 3645 ausus
701 3583 834 3645 fuissem
867 3601 1063 3665 quemquam
1098 3584 1238 3646 amicum
1266 3583 1334 3646 tibi’
1359 3589 1391 3646 et

274 3713 304 3775 p.
325 3691 386 3754 136
411 3711 440 3753 v.
466 3692 484 3752 5
514 3690 628 3772 ‘neque
656 3694 763 3753 tamen
797 3690 902 3753 triduo
927 3691 1064 3772 amplius
1091 3690 1138 3752 vel
1163 3690 1333 3771 quatriduo
1357 3691 1389 3751 id
1493 3761 1495 3765 μ

364 3900 408 3971 41)
432 3901 462 3954 Ε.
485 3901 598 3954 Mueller
622 3900 703 3954 ‘Marc
729 3901 812 3954 Aurel
836 3902 865 3953 in
884 3917 904 3954 s.
924 3901 1033 3954 Briefen
1053 3901 1219 3955 andronio.
1257 3901 1388 3955 Festschr.

275 4009 298 4051 z,
322 3992 423 4060 odjdhr.
448 3990 647 4058 Stiltungsfeier
670 3991 695 4045 d.
724 4007 819 4058 evang.
844 3990 970 4059 Gymnas.
996 4007 1029 4042 zu
1047 3989 1158 4044 Ratibor
1176 3989 1254 4058 1869,
1273 4007 1298 4058 p.
1317 3992 1333 4043 5
1352 3990 1390 4043 ita

276 4081 357 4134 vertit
376 4081 470 4134 verba:
491 4082 577 4132 ‘werin
596 4096 626 4132 er
644 4079 708 4132 aber
726 4096 810 4148 gegen
829 4079 892 4133 dich
913 4078 1039 4147 rorgeht‘.

363 4170 449 4239 42)ss
472 4168 564 4222 multis
594 4185 678 4221 unum
706 4169 814 4222 afferam
845 4184 869 4235 p
890 4170 948 4223 1119.
973 4168 989 4221 6
1013 4168 1148 4235 impediti
1171 4185 1236 4221 voce
1255 4169 1388 4236 dicuntur,

275 4260 322 4328 qni
340 4258 432 4312 balbut
421 4259 545 4323 ttiunt,e
531 4260 616 4311 etcon
617 4256 729 4309 trarium
748 4260 789 4310 est
807 4257 894 4310 soluta
912 4258 938 4310 et
955 4256 1064 4324 expedit
1065 4272 1081 4310 a
1099 4273 1172 4324 1011,
1192 4257 1275 4311 multo
1294 4257 1390 4310 melius

276 4348 400 4417 apparuit
418 4348 541 4407 enodata.
576 4346 616 4400 De
636 4345 756 4413 asyndet
749 4362 806 4399 rso
792 4347 825 4400 c.f
844 4362 907 4414 prae
909 4348 982 4400 terea
999 4345 1115 4400 Ebertl.
1135 4363 1157 4404 1
1178 4363 1202 4414 p.
1222 4348 1264 4400 42.
