3175 5009
743 389 784 452 39

205 581 280 643 tatis
302 581 422 664 gloriae
444 579 668 662 bonorumque
691 581 838 643 omnium
860 580 1046 663 participem
1066 583 1199 660 tutatur,
1215 580 1319 661 45,18.

204 687 282 750 Post
315 691 458 769 pastores
488 706 601 750 recens
634 688 769 770 repertis
801 687 917 749 fistulis
949 705 983 749 se
1014 691 1111 768 atque
1137 705 1235 768 pecus
1264 686 1319 749 ob-

203 792 364 857 lectabant
400 794 525 874 149,14.
564 795 657 876 vigeo
691 794 782 857 valeo
822 793 942 874 exulto,
982 812 1045 875 quo
1084 792 1143 873 via,
1182 769 1319 876 veniam,

205 919 268 982 quo
310 901 373 981 vis,
416 920 542 963 curram
571 900 653 981 5,16.
697 902 763 964 vim
799 899 890 964 verbi
929 918 966 962 ac
1000 903 1203 962 venustatem
1235 896 1317 981 643.

204 989 313 1070 verum
347 1026 500 1070 sensuum
534 1006 727 1089 facultatem,
771 1009 961 1072 elocutionis
996 1009 1119 1072 variam
1156 1006 1318 1089 virtutem,

202 1112 398 1176 inventionis
421 1114 562 1195 aliquam
586 1112 724 1196 (Ernest.
745 1113 945 1189 Klussmann
968 1115 1082 1179 Philol.
1101 1111 1185 1176 1868
1205 1133 1235 1196 p.
1254 1113 1317 1175 240

203 1221 283 1302 conj.
307 1219 486 1303 antiquam)
506 1221 692 1304 novitatem,
716 1223 867 1285 orationis
887 1222 1012 1284 doctam
1029 1220 1267 1304 dispositionem
1287 1270 1317 1283 ..

203 1328 336 1390 miratus
360 1332 407 1390 est
432 1327 513 1409 14,5.
560 1327 747 1391 Herbarum
771 1348 901 1412 quoque
932 1348 1034 1410 sucos,
1069 1327 1188 1410 quibus
1223 1326 1319 1389 corda

201 1421 369 1496 hominum
392 1433 533 1499 Somnus
563 1438 689 1519 sopiret,
712 1437 780 1499 suis
803 1435 952 1519 Juppiter
974 1434 1124 1498 manibus
1150 1433 1316 1517 temperat'

203 1537 306 1621 2298.
330 1542 437 1604 minus
461 1543 583 1606 misere¹
601 1543 783 1607 mehercule
807 1543 911 1625 69,11.
956 1541 1056 1605 Plura
1083 1542 1224 1625 proferre
1251 1560 1317 1604 non

201 1665 340 1731 possum,
363 1653 395 1711 et
416 1668 458 1712 ne
481 1650 559 1713 haec
582 1649 714 1732 quidem
737 1651 846 1712 omnia
868 1654 953 1713 certa
976 1645 1103 1729 sunum)

289 1754 408 1818 Tamen
442 1761 516 1820 utut
549 1758 628 1820 haec
660 1775 712 1820 res
744 1775 778 1822 se
805 1755 909 1838 habet,
937 1760 1057 1837 quanto
1090 1755 1317 1818 discriminea

199 1859 278 1923 locis
293 1862 387 1924 modo
404 1863 543 1927 collectis
562 1869 771 1947 segregantur
785 1864 829 1944 hi,
848 1882 937 1946 quos,
954 1883 1055 1945 quum
1073 1863 1173 1948 etiam,
1189 1865 1317 1943 propter

200 1968 278 2030 alias
300 1970 440 2033 rationes
464 1990 481 2033 e
504 1975 672 2054 poetarum
694 1970 851 2033 thesarnis
875 1970 1078 2053 depromptos
1111 1986 1179 2031 esse
1211 1968 1315 2050 suspi-

200 2074 339 2137 candum
363 2077 412 2157 sit,
436 2097 533 2160 snpra
557 2077 703 2140 consulto
730 2078 858 2140 reticui:
891 2076 940 2140 Sit
966 2076 1075 2139 salvus
1102 2080 1198 2156 sator,
1225 2074 1315 2137 salva

200 2181 265 2244 sint
287 2187 363 2264 sata,
387 2183 475 2246 salva
498 2203 588 2266 seges
611 2185 653 2246 sit
677 2184 780 2262 101,9.
813 2184 869 2265 qui
904 2202 1041 2265 usquam
1075 2183 1222 2265 gentium
1248 2183 1315 2244 vim

198 2308 289 2350 suam
322 2295 524 2371 praesentem
554 2296 798 2373 promptamque
825 2289 1011 2353 hominibus
1033 2287 1187 2372 praebent
1209 2289 1314 2370 47,13.

159 2424 165 2435 ·
198 2393 243 2457 Ut
266 2415 412 2479 quaeque
435 2397 551 2461 mulier
574 2398 675 2481 magis
697 2397 778 2460 facie
801 2396 882 2460 freta
906 2401 962 2477 est,
988 2398 1034 2459 ita
1060 2395 1185 2458 facilius
1209 2400 1314 2458 cutem

199 2506 229 2565 et
245 2503 395 2585 capillum
411 2505 581 2589 neglegere
597 2505 724 2586 21519.
766 2501 816 2566 De
832 2502 950 2586 quibus
967 2502 1051 2566 intra
1067 2502 1227 2585 egendum
1247 2504 1314 2566 erit

285 2609 527 2675 Allitterationis
558 2612 791 2674 Frontonianae
823 2610 982 2674 nonnulla
1012 2609 1159 2693 exempla
1186 2610 1314 2693 collegit

198 2714 334 2779 Adolfus
358 2716 457 2781 Ebert
480 2719 498 2781 1,
515 2738 541 2781 c.
557 2740 586 2801 p.
603 2719 645 2780 45
679 2737 745 2781 non
776 2722 848 2801 apto
881 2718 921 2781 de
954 2737 992 2780 ea
1022 2736 1057 2780 re
1076 2716 1200 2797 judicio
1223 2735 1312 2780 usus

199 2818 314 2884 Omnia
337 2824 423 2886 enirn
446 2844 503 2906 pro
526 2824 696 2888 Frontonis
720 2823 885 2906 Marcique
907 2825 1045 2907 propriis
1068 2822 1256 2886 venditavit.

284 2926 346 2991 His
368 2928 434 2992 fere
457 2931 582 3015 legibus
606 2931 759 3014 expositis
788 2931 953 3013 aliquanto
982 2928 1170 2993 certioribus
1198 2929 1313 2992 tunda-

198 3036 315 3097 mentis
350 3037 412 3098 nisi
440 3039 507 3119 Jam
542 3039 582 3100 ad
612 3039 812 3121 propositum
843 3037 992 3101 accedere
1014 3056 1194 3121 possumus.
1242 3034 1313 3111 Qua

196 3142 229 3203 in
254 3160 288 3205 re
311 3144 356 3205 ita
379 3149 506 3207 tantum
537 3147 614 3208 certi
647 3145 768 3227 aliquid
791 3151 857 3224 aut,
888 3145 974 3230 quod
1004 3164 1070 3207 non
1103 3142 1313 3206 abhorreata

197 3249 264 3311 veri
288 3250 506 3333 similitudine,
529 3271 747 3334 assequemur,
770 3259 807 3315 ut
829 3273 1008 3334 numquam
1031 3250 1233 3334 singularum
1256 3250 1311 3314 sed

197 3374 322 3439 semper
355 3357 498 3439 plurium
539 3360 785 3440 conjunctarum
822 3378 839 3422 e
873 3358 993 3442 regulis
1027 3357 1121 3421 modo
1158 3358 1312 3440 expositis

196 3461 259 3525 fide
282 3465 431 3527 nitamur.

285 3569 327 3632 Et
349 3572 489 3653 primum
514 3571 643 3653 quidem
668 3571 708 3635 de
732 3572 927 3635 hexametris
951 3591 1092 3656 agemus.

284 3672 337 3747 Au
358 3673 404 3746 Μ.
420 3673 541 3749 Anton.
586 3673 634 3748 De
650 3673 821 3750 orationib.
837 3699 869 3771 p.
884 3676 945 3749 158
960 3699 992 3748 v.
1011 3675 1044 3748 4.
1091 3677 1209 3741 Fronto
1225 3683 1311 3761 post-

198 3804 293 3878 quam
318 3782 487 3848 Lucanum
510 3786 715 3868 vituperavit,
738 3787 824 3869 quod
847 3787 938 3848 initio
955 3785 1106 3849 carminis
1122 3786 1173 3848 sui
1189 3790 1311 3868 septem

285 4067 331 4135 79)
350 4067 420 4120 Nam
439 4069 464 4135 5,
485 4070 517 4123 16
536 4085 590 4122 uno
608 4069 737 4123 vocabulo
756 4068 938 4137 monosyllabo
956 4068 1062 4121 inserto
1075 4068 1167 4122 evadit
1184 4083 1291 4122 versus:

278 4154 363 4224 Viged
381 4155 458 4210 valeo
476 4156 588 4225 exsulto,
608 4174 660 4226 quo
678 4158 729 4226 vie,
748 4156 856 4212 veniam
875 4157 959 4227 [Jam],
978 4157 1091 4226 quovis
1110 4154 1226 4211 curram.

285 4244 320 4298 ut
337 4244 419 4298 verba
438 4245 497 4312 149,
517 4247 551 4300 14
570 4247 669 4300 senarii
687 4246 805 4316 speciem
822 4246 961 4315 praebent:

472 4333 536 4388 Post
553 4335 673 4403 pastores
692 4333 785 4389 recens
804 4335 917 4405 repertis
935 4331 1043 4389 tistulis.
