3175 5009
837 340 879 401 44

299 525 345 600 M.
371 526 463 602 (laos.
486 525 542 602 18
567 556 606 592 ,τ
629 552 661 624 p.
685 529 738 618 24,
757 527 800 600 20
824 531 904 593 ‘vale
928 534 960 593 et
982 548 1041 610 me,
1065 529 1207 607 obsecro,
1232 530 1415 593 omnimode

301 656 388 700 ames
413 657 476 719 qua
495 639 567 719 joco
592 659 656 720 qua
679 638 772 702 serio'
796 639 894 701 latere
917 656 1031 699 versus
1054 657 1175 720 panum
1198 637 1307 700 talem:

453 793 485 806 ..
512 796 518 807 .
546 794 552 807 .
578 745 760 808 omnimode
784 763 872 808 ames
896 764 961 827 qua
979 745 1051 826 jooo
1076 764 1140 826 qua
1163 744 1257 807 serio.

300 850 363 914 Sed
387 870 461 913 oum
484 852 552 934 ipse
569 871 633 913 non
651 851 832 932 diffiteatur,
856 851 1045 933 ambiguum
1061 870 1131 913 esse
1143 850 1311 933 judicium,
1322 850 1417 932 plura

301 957 446 1020 addenda
470 959 548 1020 mihi
566 977 631 1022 non
647 964 748 1022 sunt«
776 957 847 1020 Non
864 962 950 1020 reete
968 955 1002 1021 O.
1018 957 1154 1037 Seyffert
1169 956 1282 1020 Philol.
1297 956 1417 1019 XXIX

301 1064 410 1145 (1870)
430 1065 591 1146 judicasse
614 1065 749 1146 videtur,
773 1065 828 1147 qui
852 1063 950 1126 verba
972 1059 1024 1133 Ad
1042 1059 1087 1133 M.
1104 1060 1224 1133 Anton.
1248 1059 1295 1133 Do
1310 1060 1415 1156 eloqu.

299 1166 626 1263 mzomm

346 1276 533 1341 Consiliario
557 1279 632 1341 huie
654 1280 757 1361 magis
780 1279 877 1341 aetati
901 1280 981 1361 opus
1004 1283 1061 1359 est,
1085 1298 1181 1360 quam
1203 1277 1371 1340 auxiliario

300 1405 357 1469 pro
381 1386 522 1467 genuino
546 1405 642 1449 versu
666 1386 826 1448 trochaico
851 1386 1028 1468 septenario
1052 1386 1182 1467 aceepit.
1229 1383 1313 1446 Nam
1331 1385 1416 1466 quod

301 1491 485 1570 simillimus
509 1493 599 1556 loeus
623 1496 671 1555 est
694 1492 779 1574 aqud
804 1491 957 1554 Plautum
980 1491 1072 1555 Truo.
1096 1491 1130 1554 Π
1152 1491 1215 1572 1,6
1240 1490 1416 1575 ‘Magisque

302 1598 380 1661 adeo
404 1600 605 1662 consiliarius
629 1599 680 1661 hio
703 1603 840 1661 amicust
863 1619 958 1681 quam
984 1599 1193 1682 auxiliatrius’,
1217 1618 1254 1660 ea
1275 1617 1310 1660 re
1333 1598 1417 1660 veri-

302 1705 440 1768 similius
463 1704 509 1782 fit,
534 1705 726 1769 Frontonem
743 1706 771 1767 h.
789 1707 807 1767 l.
832 1705 939 1768 Plauti
963 1705 1069 1768 verbis
1088 1708 1182 1769 modo
1200 1706 1304 1769 citatis
1320 1724 1416 1767 usum

301 1830 371 1875 esse
395 1817 426 1874 et
448 1832 536 1875 mero
561 1832 638 1875 oasu
662 1812 826 1888 aeoidisse,
852 1816 888 1874 ut
912 1831 1023 1874 versus
1045 1804 1221 1875 similitudo
1238 1814 1415 1876 exsisteret.

302 1919 350 2001 (of.
375 1918 515 1982 Studem.
543 1920 560 1980 l.
586 1939 610 1981 e.
634 1940 663 2002 p.
688 1919 825 1999 XXXI.)
850 1917 976 2002 Optime
999 1924 1104 1981 tamen
1127 1920 1213 1982 idem
1236 1920 1287 1982 vir
1303 1919 1415 1982 doetus

303 2026 509 2110 (Seyffertum
534 2026 604 2088 dieo
629 2027 666 2088 of.
691 2026 709 2087 l.
734 2027 770 2103 o.)
794 2026 966 2109 perspexit,
989 2027 1088 2088 latere
1111 2045 1240 2089 versum
1255 2027 1291 2088 in
1309 2024 1416 2088 verbis

302 2132 472 2195 Frontonis
494 2128 546 2202 Ad
568 2128 642 2203 Ver.
666 2127 684 2202 I
706 2131 729 2202 4
753 2166 792 2188 =
816 2152 847 2224 p.
871 2128 927 2201 117
949 2152 979 2201 v.
997 2129 1038 2201 14
1058 2151 1121 2224 sq.:
1146 2131 1238 2195 ‘Cum
1265 2137 1302 2195 tu
1326 2137 1416 2196 tuus·

303 2260 365 2323 que
387 2241 484 2302 frater
506 2241 542 2301 in
565 2241 661 2302 tantis
686 2238 800 2323 opibus
823 2240 919 2301 locati
943 2287 1077 2302 .....
1102 2240 1185 2302 mihi.
1202 2260 1329 2322 quoque
1345 2261 1416 2323 par-

303 2353 367 2410 tem
396 2349 514 2409 amoris
542 2348 640 2409 vestri
672 2346 862 2409 nonnullam
890 2346 1092 2428 impertiatis,
1123 2346 1200 2428 quid
1232 2367 1284 2410 me
1313 2348 1416 2410 faeere

303 2457 433 2536 oportet,
457 2454 549 2534 eujus
573 2473 645 2537 spes
669 2473 810 2536 opesque
831 2472 941 2515 onmes
960 2454 994 2514 in
1010 2452 1102 2514 vobis
1121 2458 1196 2515 sunt
1212 2455 1288 2517 solis
1300 2453 1417 2518 -sitaeP'

303 2559 466 2624 Extremis
489 2559 595 2642 verbis
619 2562 757 2643 optimus
781 2580 894 2623 versus
918 2559 1068 2622 efficitur:

305 2666 404 2748 Cujus
428 2686 500 2749 spes
524 2669 664 2750 opesque
688 2669 855 2731 onmesin
878 2665 969 2729 vobis
994 2663 1042 2745 (in
1065 2664 1157 2728 vobis
1173 2667 1317 2748 omues?)
1341 2672 1418 2731 suut

410 2774 485 2837 solis
510 2770 642 2857 sitae83).

305 2880 447 2944 Studem.
471 2882 491 2945 l.
517 2900 542 2943 o.
558 2902 587 2962 p.
604 2881 638 2944 X
661 2882 781 2945 similes
804 2880 943 2943 Terentii
966 2880 1052 2945 locos
1076 2881 1194 2944 attulit:
1219 2880 1348 2945 Phorm.
1368 2881 1418 2944 ΙΙΙ

307 2987 356 3069 lp
386 2986 508 3070 Qudjus
539 2990 594 3067 (ita
622 2988 760 3071 Oalliop.,
794 2988 867 3050 ‘oui'
897 2988 1018 3069 Bemb.)
1052 3009 1139 3051 nuno
1173 2989 1308 3052 miserae
1344 2992 1416 3071 spes

305 3113 445 3177 opesque
474 3099 550 3157 sunt
579 3096 614 3157 in
638 3100 669 3158 te
692 3115 759 3158 uno
786 3098 899 3158 omnes
932 3095 1021 3158 sitae’
1052 3100 1083 3158 et
1105 3096 1242 3178 Adelph.
1272 3094 1322 3159 ΙΠ
1346 3097 1418 3178 2,33

303 3201 457 3264 Nostrum
481 3203 626 3264 onmium
649 3202 758 3282 vitam,
780 3206 815 3263 in
841 3221 903 3284 quo
920 3207 1048 3265 nostrae
1064 3206 1138 3286 spes
1151 3222 1290 3285 opesque
1307 3206 1417 3266 omnes

305 3310 390 3372 sitae.
438 3307 500 3371 His
517 3308 608 3389 addo,
627 3310 748 3370 exitum
769 3328 883 3371 versus
903 3309 1041 3372 eundem
1059 3311 1092 3371 in
1113 3310 1246 3372 modum
1267 3311 1417 3373 allittera-

303 3415 382 3476 tioni
412 3412 604 3496 subjeetum,
630 3416 770 3477 inveniri
799 3416 884 3498 apud
908 3416 1045 3480 eundem
1068 3417 1251 3481 Terentium
1276 3417 1376 3482 Andr.
1402 3417 1419 3480 I

299 3521 374 3602 ,all

340 3626 414 3690 Non
436 3627 559 3691 faciam.
583 3627 648 3708 My.
666 3627 764 3691 Haud
788 3649 908 3711 verear,
931 3632 958 3693 si
981 3636 1015 3693 iu
1039 3635 1070 3694 te
1094 3632 1136 3693 sit
1158 3632 1224 3694 solo
1246 3629 1391 3711 situmffl).

410 3839 455 3909 83)
482 3840 558 3893 Idem
585 3840 643 3908 ipse
667 3843 728 3894 ante
753 3842 886 3909 cognitam
906 3842 1030 3910 Seyfferti
1057 3843 1217 3896 sententiam
1245 3843 1418 3911 conjeceram.

305 3928 364 3994 Qua
391 3930 500 3998 quidem
529 3946 556 3982 re
576 3930 676 3984 fiduoia
703 3931 771 3983 mihi
799 3934 825 3984 et
844 3933 876 3985 de
895 3932 945 3985 hoo
969 3932 1028 3985 loeo
1046 3934 1072 3984 et
1091 3932 1123 3984 de
1141 3934 1196 3986 tota
1220 3933 1301 4001 hujus
1320 3932 1418 3985 disser-

303 4018 412 4071 tationis
431 4019 532 4073 ratione
552 4021 630 4074 auota
648 4022 696 4074 est.

394 4106 439 4177 84)
459 4108 491 4163 of.
511 4109 619 4164 omnino
640 4110 672 4163 de
691 4110 742 4164 hae
761 4110 869 4163 dicendi
881 4109 1008 4164 formulu:
1029 4108 1114 4163 Plaut.
1134 4110 1230 4178 Amph.
1250 4110 1276 4162 V
1295 4112 1336 4178 1,1
1349 4110 1416 4177 Spes

304 4199 465 4266 atque‘opes
484 4198 556 4254 vitae
574 4216 649 4254 meae
671 4200 762 4268 J'aoeut
786 4199 906 4267 sepultae
929 4199 958 4251 in
983 4201 1096 4266 pectore.
1134 4198 1202 4266 Rud,
1227 4200 1417 4264 1321ch

305 4300 384 4353 quam
404 4301 478 4352 spem
498 4291 544 4342 aut
561 4307 638 4358 opem
657 4292 703 4344 aut
721 4288 818 4343 oonsili
837 4288 902 4357 quid
915 4305 1060 4357 capessam.
1072 4289 1120 4360 IV,
1134 4289 1211 4358 4101
1227 4289 1288 4344 Huc
1301 4306 1416 4360 opesque
