3175 5009
841 376 883 441 54

303 569 426 653 goediis
458 570 601 635 hauserit
629 608 670 617 —
701 568 786 653 quod
810 566 960 631 Welclrer
990 568 1175 651 saepissime
1205 567 1354 651 probavit
1377 605 1424 613 -

304 681 412 740 tamen
442 695 499 760 per
530 696 563 741 se
596 697 661 741 non
694 674 905 760 improbabile
936 676 986 738 est
1020 694 1125 759 neque
1151 674 1320 757 hucusque
1343 686 1451 738 con·'

304 785 437 846 trarimn
470 783 721 847 demonstratum
753 787 810 847 est.
858 781 959 845 Porro
988 782 1073 865 quod
1102 781 1276 852 Musaeum,
1298 783 1423 863 attinet,

305 891 452 974 exemplo
474 891 523 953 uti
545 910 717 974 possumus
739 888 858 970 Nonni,
888 908 982 971 quem
1010 887 1092 951 libro
1115 885 1226 950 XLIII
1248 885 1422 968 Dionysia

304 1017 425 1078 corum,
456 1017 520 1080 quo
553 997 696 1060 fabulam
729 995 768 1059 de
801 995 936 1059 Penthei
967 994 1094 1058 Baccho
1128 978 1304 1058 resistentis
1334 1002 1422 1058 sorte

304 1108 427 1185 tractat,
451 1102 616 1186 Euripidis
638 1102 774 1166 Bacchis
797 1103 999 1186 potissimum
1023 1121 1127 1185 usque
1155 1101 1194 1164 ad
1218 1101 1422 1184 siugulorum

303 1209 475 1274 verborum
499 1210 711 1273 imitationem
733 1229 830 1273 usum
854 1227 932 1290 esse
951 1210 1018 1291 jam
1036 1208 1237 1272 Godofredus
1252 1208 1421 1282 Hermann

302 1320 337 1381 iu
370 1316 578 1379 Baccharum·
601 1315 741 1379 editi0ne
771 1315 852 1378 vidit
879 1320 910 1378 et
935 1320 1007 1399 post
1029 1335 1104 1379 eum
1135 1314 1247 1379 Reinh.
1280 1313 1422 1379 Koehler

303 1426 339 1487 iu
361 1423 444 1486 libro
468 1423 705 1506 elegantissImo
740 1422 858 1486 ‘Ueber
892 1422 943 1485 die
971 1420 1168 1503 Dionysiaha
1201 1422 1257 1486 des
1283 1420 1420 1487 Nonnos

303 1549 369 1594 von
403 1529 584 1613 Panopolis’
616 1528 708 1592 Halis
738 1531 823 1593 1853
860 1549 889 1613 p.
915 1528 957 1592 86
983 1548 1029 1611 sq.
1061 1529 1189 1611 optimis
1222 1530 1420 1611 argumentis

304 1632 597 1717 denronstravItlffl)

392 1743 413 1806 J
416 1764 466 1806 am
498 1741 605 1825 siquId
636 1746 733 1805 restet
757 1741 967 1805 dubitationis
989 1742 1022 1804 in
1048 1761 1086 1805 ea
1108 1760 1143 1806 re
1161 1742 1296 1807 fortasse
1319 1744 1420 1825 nisae,

305 1851 391 1934 quod
414 1870 479 1914 non
503 1848 656 1913 credibile
672 1849 721 1930 sit,
745 1850 773 1912 si
788 1849 962 1932 tragoedia,
986 1848 1204 1913 diversissimo
1220 1848 1260 1913 ab
1275 1852 1420 1934 ipsorum

302 1963 369 2022 arte
391 1959 496 2042 poesis
526 1973 654 2041 genere,
685 1955 736 2018 usi
760 1961 869 2019 essent
890 1954 1162 2019 Pseudo-ovidius
1190 1955 1420 2041 Musaeusque‚

303 2072 369 2129 tam
393 2064 514 2129 similes
537 2081 651 2125 versus
675 2081 829 2125 evasuros
851 2061 962 2144 fuisse,
984 2066 1022 2125 ut
1044 2063 1115 2141 hos:

350 2169 407 2235 Or.
430 2171 495 2234 her.
519 2168 619 2233 XVII
644 2170 707 2232 148

411 2278 501 2341 Idem
524 2277 699 2361 navigium,
722 2277 840 2357 navIta,
863 2279 970 2339 vector
993 2294 1055 2338 ere.

348 2385 431 2449 Mus.
457 2386 520 2447 255

409 2484 522 2569 Αὐτὸς
544 2485 607 2554 ἐών
629 2486 744 2576 ἐρέτης,
769 2481 970 2568 maleactae,
995 2481 1178 2571 αὐτόματος
1201 2491 1281 2577 νηῦς,

304 2601 388 2663 bona
410 2599 540 2662 fortuna
564 2597 687 2676 accidit,
710 2601 748 2659 ut
772 2597 929 2679 example,
953 2596 1038 2679 quod
1061 2595 1221 2659 Koehlero
1244 2596 1264 2660 l.
1283 2617 1309 2660 c.
1333 2619 1361 2681 p.
1376 2598 1417 2661 87

304 2707 376 2771 adn.
402 2704 437 2791 4)
478 2705 590 2785 debeo,
626 2703 793 2766 ostendere
823 2721 963 2785 possem,
998 2723 1063 2767 non
1091 2708 1211 2766 rectam
1239 2722 1309 2768 esse
1336 2706 1419 2768 hanc

305 2813 529 2897 suspicionem.
576 2810 660 2874 Nam
683 2829 757 2873 oum
780 2812 890 2875 versui
914 2813 970 2893 qui
988 2812 1105 2893 legitur
1128 2813 1212 2895 apud
1236 2812 1418 2896 Vergilium

303 2922 384 2984 Aen.
408 2917 456 2982 IV
479 2917 544 2981 469
568 2938 615 3001 sq.

656 3023 743 3086 videt
766 3074 772 3086 .
798 3076 804 3088 .
830 3075 836 3087 .
861 3075 867 3088 .
891 3024 1055 3088 Pentheus

393 3139 425 3197 et
447 3133 546 3196 solem
570 3132 735 3216 geminum
760 3136 791 3194 et
815 3132 951 3215 duplioiS
975 3151 1009 3195 se
1029 3130 1195 3194 ostendere
1217 3131 1341 3196 Thebas

304 3241 370 3304 fere
393 3240 491 3304 verbo
515 3245 611 3303 tenus
633 3237 826 3322 respondeat
849 3237 952 3301 Noun.
976 3237 1109 3317 Dionys.
1134 3239 1186 3319 46,
1212 3238 1288 3301 125;

391 3344 448 3410 καὶ
473 3343 625 3429 διδύμους
648 3343 837 3436 φαέθοντας
860 3342 1006 3430 ἐδέρκετο
1028 3341 1084 3407 καὶ
1102 3327 1166 3410 χδύο
1192 3340 1312 3434 Θήβας,

303 3473 411 3517 nonne
434 3457 565 3537 putares
587 3456 757 3538 utriusque
777 3472 891 3516 versus
907 3470 977 3515 esse
993 3452 1156 3535 exemplar
1172 3454 1303 3516 tertium
1319 3453 1419 3517 hexa-

183 3625 186 3631 ,
303 3566 440 3624 metrum
463 3562 579 3644 prloris
601 3567 712 3645 poetae
740 3560 843 3645 epici?
870 3559 990 3622 Tamen
1014 3559 1154 3641 tragicus
1177 3560 1319 3624 trimeter
1341 3561 1417 3624 fuit:

410 3667 488 3733 Bur.
513 3665 620 3731 Bacch
646 3670 722 3731 912:

348 3772 405 3840 καὶ
427 3770 492 3864 μὴν
517 3767 592 3860 ὁρᾶν
614 3799 672 3857 μοι
697 3771 757 3840 δύο
769 3772 829 3857 μὲν
851 3766 960 3860 ἡλίους
983 3772 1078 3853 δοκῶ,
1098 3768 1229 3851 Δισσὰς
1244 3771 1280 3839 δὲ
1298 3769 1418 3862 Θήβας.

394 3951 456 4019 101)
474 3950 566 4005 Herm.
585 3950 602 4004 l.
622 3968 645 4003 o.
664 3951 706 4005 ad.
725 3968 751 4005 r.
770 3950 788 4004 8
808 3950 929 4003 ‘Nonnus
947 3948 976 4001 in
994 3948 1107 4002 Penthei
1126 3948 1216 4003 fabula
1229 3949 1343 4018 diligens
1356 3950 1418 4002 imi-

304 4042 376 4095 tatur
405 4038 560 4107 Euripidis'.
605 4038 636 4096 R.
666 4038 782 4093 Koehler
812 4037 1007 4106 tragoediarum
1039 4037 1218 4091 imitationem
1248 4038 1417 4092 Nonnianam

304 4129 386 4183 etiam
411 4128 476 4183 alibi
499 4128 650 4196 suspicatus
673 4130 721 4194 est,
746 4128 778 4181 cf.
803 4145 828 4195 p.
854 4126 896 4192 12,
922 4126 964 4192 16,
991 4128 1034 4192 17,
1059 4124 1101 4194 18,
1127 4126 1162 4181 20
1185 4127 1247 4182 adn.
1266 4125 1303 4197 4),
1323 4127 1365 4182 29.
1385 4128 1418 4184 cf.

304 4218 385 4272 etiam
403 4217 561 4285 Bernhardy
580 4216 686 4271 Griech.
705 4216 755 4270 Lit.
775 4214 952 4283 gessuss12
969 4231 994 4282 p.
1015 4215 1075 4269 396.

759 4361 962 4390 ,ἥρ-..-
