3175 5009
581 434 755 495 ,25

266 619 319 693 Ad
341 618 387 692 Μ.
411 621 531 704 Antan.
555 619 604 695 De
628 622 734 716 eloqu.
759 660 801 678 =
826 644 858 715 p.
876 618 938 692 149
961 641 993 690 v.
1016 617 1050 690 7:
1086 559 1310 683 ‘Balbnttiem

177 732 260 793 tium
294 731 411 793 vitium
443 731 493 794 his
527 731 627 794 ferme
659 730 767 795 verbis
792 728 1004 814 significatur:
1039 747 1100 790 vox
1132 728 1293 810 impedita,

177 856 241 900 vox
265 838 383 917 vincta,
405 857 470 899 uox
494 837 643 921 difficilis,
666 819 732 901 uox
756 835 888 922 [fractal
920 855 984 897 vox
1006 834 1201 918 imperfecta,
1228 854 1294 896 uox

177 943 305 1006 absona.
351 943 413 1007 His
436 946 595 1007 contraria
619 946 787 1027 quaerenti
810 943 868 1007 tibi
884 942 1074 1006 subvenisse
1098 945 1222 1004 certum
1238 941 1293 1003 ha-

176 1051 250 1113 beo:
276 1070 341 1113 vox
364 1053 523 1134 expedita,
547 1072 612 1115 vox
637 1051 792 1132 absoluta⁷
816 1071 880 1113 vox
896 1049 1010 1130 facilis,
1032 1068 1097 1110 vox
1122 1046 1294 1131 [perfecta]‚

176 1178 242 1219 vox
266 1156 478 1240 [amabilisl'l
524 1155 624 1221 Vides
648 1158 777 1241 singula
800 1158 890 1221 vocis
912 1175 1032 1240 genera
1048 1159 1195 1218 accurate
1210 1155 1295 1216 inter

177 1283 211 1327 se
247 1265 372 1347 opponi,
406 1266 571 1349 priorique
594 1261 766 1328 verborum
802 1266 895 1328 seriei
930 1263 1061 1325 alteram
1093 1262 1294 1344 respondere.

177 1371 248 1451 Sed,
284 1372 312 1434 si
346 1375 430 1434 recte
454 1371 559 1454 Majus
594 1371 692 1435 verba
727 1373 859 1435 uncinis
892 1370 1018 1433 inclusa
1044 1370 1123 1453 legit
1145 1406 1188 1413 —
1218 1388 1293 1431 nam

178 1497 267 1540 nunc
298 1478 427 1560 quidem
459 1483 557 1541 totam
586 1479 736 1561 paginem
769 1472 833 1562 legi
862 1498 926 1541 non
954 1497 1048 1560 posse
1082 1479 1218 1539 testatur
1251 1476 1295 1538 du

178 1583 260 1646 Rieu
285 1622 337 1664 —,
369 1583 465 1666 deest,
499 1586 585 1668 quod
610 1590 789 1668 opponatur
812 1586 884 1648 voci
906 1584 1033 1647 fractae.
1079 1583 1194 1666 Itaque
1218 1584 1296 1645 scri·

179 1689 319 1754 bendum
335 1692 407 1753 erit:
426 1692 499 1754 ‘vox
514 1693 629 1774 facilis,
645 1691 736 1775 [vox
751 1690 944 1774 infracta]‚
960 1711 1026 1753 vox
1042 1689 1212 1774 [perfectal.
1246 1688 1294 1752 De

178 1798 236 1859 boc
269 1797 482 1879 parallelismo
518 1800 647 1882 saepius
681 1799 768 1882 aqud
806 1798 1000 1862 Frontonem
1040 1802 1227 1860 occurrente
1256 1796 1294 1858 cf.

179 1902 214 1965 0.
238 1902 323 1966 Jahn
347 1903 460 1967 Philol.
484 1905 642 1970 XXVIII.
670 1907 687 1967 7
713 1913 744 1970 et
767 1905 803 1968 R.
827 1905 1027 1968 Klussmann
1050 1905 1071 1967 l.
1096 1924 1122 1969 c.
1147 1924 1176 1986 p.
1204 1905 1254 1964 54.

265 2023 318 2098 Ad
339 2024 385 2097 M.
408 2024 529 2100 Aulon.
555 2026 601 2099 De
618 2026 788 2101 orationib.
813 2058 853 2078 =
876 2049 909 2121 p.
931 2025 992 2099 156
1011 2048 1043 2098 u.
1067 2024 1117 2097 10.
1148 2026 1244 2102 ‘Quid
1268 2028 1295 2090 si

178 2135 352 2217 prandium
374 2135 460 2199 idem
477 2138 623 2219 utrisque
647 2138 727 2218 (cod.
752 2135 935 2218 utriusque)
961 2137 1146 2218 apponatur,
1170 2134 1296 2216 adposi-

177 2245 227 2304 tas
251 2241 336 2305 oleas
361 2243 441 2306 alter
464 2243 572 2327 digitis
595 2243 739 2327 prendat,
762 2243 802 2306 ad
818 2263 853 2306 os
869 2243 998 2323 adferat,
1021 2246 1059 2304 ut
1077 2241 1295 2303 manducandi

174 2349 229 2428 jus
252 2348 365 2432 fasque
389 2353 446 2431 est,
468 2351 513 2412 ita
529 2349 680 2414 dentibus
696 2350 860 2432 subjiciat:
886 2350 965 2414 alter
987 2353 1096 2412 autem
1112 2348 1197 2411 oleas
1219 2368 1295 2411 suas

177 2455 211 2516 in
242 2455 342 2518 altum
369 2457 475 2537 jaciat,
504 2475 557 2519 ore
584 2461 692 2540 aperto
721 2458 870 2540 excipiat,
903 2436 1062 2539 exceptas,
1094 2460 1128 2517 ut
1155 2455 1296 2518 calculos

177 2563 366 2644 praestrigia
381 2582 425 2643 or,
456 2563 650 2645 primoribus
677 2563 776 2626 labris
809 2563 970 2627 ostentet?
1015 2561 1063 2624 Ea
1093 2580 1128 2624 re
1155 2560 1296 2644 profecto

179 2669 271 2750 pueri
311 2669 484 2750 laudent,
528 2671 683 2733 convivae
721 2669 940 2753 delectenturl.
1001 2668 1119 2732 Jacobs
1162 2668 1298 2748 conjecit

178 2774 363 2858 plaudant,
387 2776 442 2839 sed
467 2781 536 2839 tum
561 2782 786 2860 exspectamus
809 2778 849 2840 ‘ei
871 2776 939 2857 rei',
962 2796 1027 2838 non
1050 2777 1097 2838 ‘ea
1120 2774 1174 2838 re’.
1221 2773 1296 2837 Mne

179 2882 254 2944 tzell
279 2882 301 2945 l.
331 2903 356 2945 c.
383 2884 549 2965 proposuit
580 2883 782 2947 laudentur.
828 2882 890 2946 Sed
912 2883 973 2944 hoc
1000 2881 1177 2964 simplicius
1207 2881 1297 2943 vide-

180 2992 248 3050 tur:
283 2987 341 3051 ‘Ea
371 3008 407 3052 re
430 3009 475 3072 pr.
508 2990 599 3071 pueri
633 2988 784 3070 ludant,
820 2990 975 3052 convivae
1010 2986 1231 3069 delectentur’,
1261 2993 1297 3050 ut

180 3096 270 3177 pueri
294 3095 442 3159 ludentes
466 3097 613 3160 conuiuis
637 3096 800 3159 delectatis
824 3100 1032 3180 opponantur.

267 3215 320 3289 Ad
341 3215 419 3290 Ant.
442 3216 537 3291 Pium
558 3216 602 3302 H,
631 3250 672 3270 =
702 3241 734 3313 p.
762 3218 822 3291 163
849 3240 965 3291 uersus
992 3216 1100 3289 finem.
1147 3219 1225 3282 Post
1252 3220 1296 3281 la-

181 3346 300 3388 cunam
323 3328 402 3390 haec
424 3329 593 3411 leguntur:
620 3380 625 3391 .
652 3380 659 3393 .
689 3377 694 3390 .
717 3329 845 3411 ‘optimo
868 3329 903 3390 in
927 3335 992 3390 tam
1015 3328 1089 3390 trita
1112 3330 1143 3390 et
1166 3326 1296 3388 assidua

182 3432 241 3495 tibi
264 3436 398 3497 materia
420 3435 567 3497 invenire
591 3438 627 3497 et
649 3434 764 3518 pessel.
787 3433 930 3518 Apparet
952 3434 1179 3518 corrigendum
1211 3452 1293 3496 esse:

180 3540 326 3603 invenire
341 3545 377 3604 te
399 3560 502 3624 posse.

267 3659 350 3735 Ibid.
374 3685 405 3757 p.
428 3662 489 3736 166
517 3686 550 3736 V.
578 3663 617 3736 21
644 3685 693 3760 sq.
746 3665 819 3730 ‘Res
846 3668 935 3748 istas,
963 3687 1044 3749 quas
1073 3685 1133 3728 nec
1166 3662 1296 3748 [tacere]

180 3772 353 3852 voluimus,
369 3791 428 3837 nec
444 3792 561 3856 negare
577 3771 783 3855 oredimusffl)
809 3778 858 3855 et,
881 3775 907 3836 si
928 3774 972 3836 dii
987 3773 1084 3855 aequi
1103 3776 1188 3854 sunt,
1204 3791 1297 3835 veras

181 3884 213 3941 et
240 3886 453 3962 congruentes
482 3882 678 3964 simplicitati
706 3885 835 3943 nostrae
863 3881 1021 3943 amicitiae
1054 3897 1179 3962 semper
1206 3877 1296 3941 adse-

181 3985 339 4071 quamurl.
386 3986 493 4051 Verba
515 3992 622 4050 carent
650 3988 898 4051 constructione.
944 3986 1029 4050 Leve
1059 3987 1177 4048 vitium
1204 3985 1297 4047 lacile

270 4270 318 4340 63)
341 4269 409 4325 Ellis
427 4271 538 4325 Journal
561 4272 589 4324 of
605 4270 747 4341 Philologp⁷
770 4269 823 4326 vol.
841 4271 856 4324 I
874 4287 899 4339 p.
919 4270 953 4324 15
972 4267 1098 4337 conjecit:
1123 4267 1180 4319 ‘nec
1199 4281 1296 4333 negare

182 4360 209 4430 [a
226 4361 266 4430 re]
286 4360 341 4431 (vel
360 4361 385 4429 [e
403 4360 454 4431 re])
473 4361 615 4415 credimus.

1333 391 1356 428 Ι
