3175 5009
784 408 800 468 7

234 613 332 675 quam
350 594 631 657 vaticinationibus
647 595 795 676 Sibyllae.
833 596 969 659 Videtur
994 596 1126 660 verbnm
1150 599 1349 679 antiquioris,

233 705 305 784 post
337 701 488 763 cotidiani
519 704 675 765 sermonis
708 704 870 785 proprium
905 703 1013 766 fuisse.
1060 703 1097 765 cf.
1125 703 1231 766 Plaut.
1255 705 1347 768 Asin.
1392 714 1401 737 ··
1442 726 1446 736 ¹

234 807 283 869 nr
309 810 337 888 3,
362 808 412 869 ar·
438 811 468 869 α
499 807 528 867 ν
552 810 581 890 a,
606 811 634 871 4.
680 808 772 873 uuor.
808 809 858 872 nr
882 811 954 872 aro.
1000 809 1080 892 nep.
1105 808 1178 873 nat.
1204 812 1247 890 a,
1284 782 1363 874 ero'

235 914 273 976 ad
298 914 392 976 Attio.
416 913 464 975 VI
488 917 515 976 2.
562 915 639 978 Hor.
664 936 731 998 epp.
755 916 772 978 Ι
798 917 847 997 15,
872 918 922 978 25.

322 1016 373 1090 Ad
395 1015 440 1088 M.
458 1016 549 1091 (laet.
573 1017 629 1091 Ι4
651 1053 692 1071 =
714 1043 745 1114 p.
766 1020 786 1093 9
809 1043 839 1093 v.
855 1020 903 1092 17.
950 1022 993 1086 Μ.
1019 1023 1173 1086 Aurelius
1198 1042 1347 1086 somnum

234 1132 446 1190 accusaturus
478 1134 705 1209 argumentum
734 1131 834 1192 sumit
857 1129 895 1193 de
918 1129 1051 1192 Homeri
1076 1127 1233 1210 Odyssea:
1265 1129 1347 1192 ‘Non

234 1235 320 1296 enim
343 1234 398 1296 ille
415 1232 471 1317 (se.
488 1232 618 1318 Ulixes)
642 1237 781 1319 profecto
806 1232 945 1320 εἰκοστῷ
969 1236 1099 1299 demum
1122 1232 1188 1300 ἔτει
1206 1238 1348 1300 venisset
1442 1263 1443 1266 ¹

234 1336 282 1416 εἰς
309 1336 458 1426 πατρίδα
486 1344 591 1425 γαῖαν,
621 1362 726 1425 neque
758 1344 792 1404 in
816 1344 877 1405 isto
900 1343 973 1405 lacu
1005 1343 1130 1405 tamdiu
1163 1343 1349 1425 aberrasset,

232 1466 338 1528 neque
362 1447 424 1509 alia
447 1450 554 1510 omnia
585 1470 666 1531 quae
688 1441 878 1512 Ὀδοοοείαν
905 1450 1029 1512 faciunt
1055 1468 1226 1532 perpessus
1256 1455 1348 1532 esset,

232 1554 295 1615 nisi
330 1548 440 1638 γλνκνς
473 1548 574 1631 ὕπνος
608 1552 754 1644 ἐπήλυθε
787 1557 969 1643 κεκμηῶτα.
1032 1555 1270 1639 Quamquam
1308 1558 1348 1645 τῇ

235 1658 352 1749 δεκάτῃ
378 1654 423 1749 [6³
449 1653 521 1749 ἤδη]
546 1655 739 1751 ἀνεφαίνετο
763 1659 885 1748 πατρὶς
908 1652 1037 1748 ἄρουρα.
1083 1662 1143 1726 Sed
1170 1664 1248 1745 quid
1264 1683 1348 1726 som-

236 1788 298 1831 nus
321 1769 416 1832 fecitP
441 1788 466 1832 e.
492 1790 520 1851 q.
546 1766 592 1855 sl.
642 1768 865 1851 ‘Quamquam'
890 1774 962 1851 apte
986 1790 1059 1832 cum
1083 1770 1368 1853 praecedentibus.

234 1882 432 1959 congrueret,
455 1877 482 1938 si
505 1895 570 1938 non
596 1877 842 1964 adpproximum
865 1876 1001 1939 verbum
1025 1872 1199 1964 ‘a‘rrqlrds',
1228 1877 1284 1939 sed
1308 1877 1348 1939 ad

233 1983 455 2065 praecedentia
477 1982 674 2046 ‘oberrasset'
700 1988 730 2046 et
753 1983 930 2066 ‘perpessus
959 1986 1051 2046 esset’
1083 1983 1196 2046 referri
1222 1988 1346 2066 posset3

193 2089 195 2093 ’
232 2090 317 2172 quod
341 2109 416 2152 oum
444 2092 670 2173 grammaticae
692 2091 831 2152 rationes
859 2109 924 2151 uon
953 2090 1130 2171 admittant,
1156 2091 1232 2171 jam,
1256 2092 1283 2152 si
1307 2089 1347 2152 ad

231 2192 396 2284 ‘inpletis’
421 2202 562 2280 spectare
585 2203 745 2280 putamus,
770 2197 876 2258 evadit
899 2217 1013 2260 sensus
1036 2216 1102 2259 non
1126 2197 1230 2259 dicam
1252 2196 1347 2279 plane

230 2305 367 2386 ineptus,
394 2305 449 2367 sed
475 2304 514 2366 ab
537 2303 678 2366 Homero
712 2304 938 2368 alienissimus.
985 2304 1068 2366 Tum
1097 2305 1183 2367 enim
1212 2304 1347 2366 miratur

231 2409 274 2471 M.
310 2411 471 2491 Aurelius,
505 2411 634 2474 Ulixem
671 2430 783 2474 somno
817 2416 943 2494 captum
984 2430 1062 2493 esse,
1096 2412 1243 2493 quamvis
1280 2414 1346 2472 tam

229 2536 325 2599 prope
354 2538 372 2579 a
399 2520 500 2600 patria
528 2517 661 2599 abesset,
689 2523 725 2580 ut
752 2538 826 2580 eum
856 2538 931 2600 prae
962 2519 1081 2580 laetitia
1111 2517 1247 2579 dormire
1279 2536 1345 2579 non

229 2643 322 2707 posse
350 2630 561 2707 exspectares.
607 2624 678 2699 Qua
704 2627 739 2687 in
766 2644 801 2688 re
830 2630 1025 2708 quantopere
1057 2644 1124 2687 non
1151 2624 1346 2687 intellexerit

229 2729 362 2793 Homeri
387 2729 624 2815 sententiam32)
648 2732 705 2793 rix
729 2752 809 2816 opus
833 2737 940 2795 estut
963 2751 1159 2796 moneamus.
1193 2731 1257 2794 Sed
1275 2730 1345 2793 fieri

229 2839 342 2921 potuit,
365 2843 401 2900 ut
423 2838 456 2899 id
479 2858 544 2900 non
564 2840 696 2901 sentiret
723 2819 765 2900 M.
790 2837 915 2915 Caesar,
944 2840 1039 2901 homo
1070 2839 1188 2900 mirum
1215 2839 1250 2899 in
1279 2857 1345 2900 mo-

231 2944 308 3006 dum
333 2937 508 3033 ὀψιμαθὴς
532 2951 563 3008 et
586 2964 624 3008 ea
647 2946 716 3027 ipsa
739 2949 850 3025 aetate,
879 2966 943 3028 qua
976 2944 1196 3007 adidesoentes
1224 2945 1345 3026 ingenii

230 3051 405 3115 eftlorentis
440 3053 472 3112 vi
504 3052 575 3114 freti
609 3053 715 3135 potius
750 3052 784 3112 in
820 3052 1009 3112 contrariam
1050 3054 1173 3133 partem
1211 3068 1345 3132 peccare

230 3159 341 3239 solent,
365 3159 536 3220 admodum
561 3159 675 3240 puerili
693 3164 724 3220 et
738 3159 911 3220 immatura
932 3158 1054 3241 ingenii
1081 3155 1239 3218 facultate.
1281 3155 1344 3218 lta-

230 3284 292 3346 que
315 3270 440 3327 mutare
463 3265 598 3327 verbum
623 3264 840 3348 ‘quamquam’
863 3285 927 3326 non
944 3264 1104 3344 auderem,
1123 3263 1185 3324 nisi
1201 3260 1342 3325 Studem.

229 3372 247 3433 l.
272 3391 296 3434 e.
320 3394 349 3455 p.
375 3371 455 3433 VIII
478 3376 550 3454 post
574 3372 656 3433 ‘nisi'
685 3377 716 3435 et
740 3376 814 3434 ante
834 3362 966 3455 ‘pisale'
996 3371 1031 3432 in
1058 3369 1123 3432 fine
1151 3388 1266 3432 versus
1294 3371 1343 3431 in-

228 3483 329 3541 certas
355 3479 491 3540 duarum
515 3478 693 3540 litterarum
717 3478 848 3540 umbras
876 3496 1028 3561 apparere
1056 3475 1237 3557 affirmaret,
1261 3495 1343 3558 quae

228 3605 302 3647 cum
326 3585 366 3647 ad
389 3589 423 3646 tu
449 3582 514 3667 (vel
538 3586 582 3664 tu)
611 3585 712 3667 magis
742 3605 839 3666 quam
868 3585 908 3647 ad
937 3604 978 3648 eu
1006 3584 1068 3663 (vel
1092 3583 1141 3663 eu)
1170 3583 1343 3646 convenire

228 3694 315 3756 visae
340 3697 455 3772 essent,
482 3693 555 3756 ‘nisi
582 3697 658 3753 tuni
688 3686 799 3775 yla-ili,-
821 3684 930 3766 {laos
955 3696 1014 3754 etc,
1044 3681 1256 3753 scribendum
1272 3709 1342 3752 esse

227 3799 399 3862 arbitratus
424 3804 479 3863 est.
524 3799 593 3861 lam
618 3798 677 3860 hoc
700 3801 727 3862 si
754 3804 838 3862 reete
865 3799 949 3878 fecit,
976 3798 1132 3881 particula
1158 3795 1247 3858 ‘tum’
1276 3816 1342 3859 non

227 3907 323 3970 habet
346 3927 409 3989 quo
433 3906 596 3987 referatur,
620 3905 681 3968 nisi
699 3906 876 3988 scripseris:
900 3905 973 3967 ‘nisi
988 3910 1057 3967 tum
1076 3902 1122 3988 γλ.
1138 3895 1163 3966 ὗ.
1180 3925 1233 3966 ατ.
1251 3926 1340 3985 arari.

317 4173 361 4240 32)
387 4171 436 4226 Od.
460 4193 475 4224 ν
500 4171 531 4222 31
557 4171 618 4222 ἔνθ’
645 4174 690 4239 ἐμὲ
714 4173 761 4226 αέν
785 4169 822 4240 γλ.
847 4165 907 4227 οἶνον,
941 4174 982 4222 ἐπ.
1011 4190 1081 4236 κεκμ.
1110 4169 1170 4219 Ala
1199 4164 1249 4237 γὰρ
1271 4162 1341 4220 πόδα

225 4260 288 4327 νηὸς
309 4257 427 4329 ἐνώμων,
447 4250 510 4312 oz'de'
527 4280 567 4325 τῳ
591 4256 660 4326 ἄλλον
681 4259 749 4325 Δῶχ’
767 4256 877 4328 ἑτάρων,
901 4260 944 4311 ἵνα
963 4257 1070 4310 θᾶσσον
1087 4256 1209 4323 ἱκοίμεθα
1227 4254 1341 4326 πατρίδα

225 4357 313 4421 γαῖαν,
