3175 5009
732 1499 777 1575 I.

431 1674 738 1792 lnonolationoo
766 1674 1078 1791 Frontonianae.

656 1968 859 1990 ..--,-..-.-

287 2179 408 2260 ‘Etiam
435 2198 608 2260 lamminae
635 2196 798 2259 interdum
823 2196 1019 2279 argentiolac
1047 2195 1162 2259 cloacis
1189 2200 1315 2263 inveni-

202 2308 312 2383 untnr3
344 2323 422 2367 eane
444 2322 480 2367 re
504 2304 628 2367 cloacas
651 2303 837 2386 purgandas
859 2301 1087 2366 redimemus?’
1132 2302 1193 2366 His
1217 2302 1316 2367 Fron

200 2412 285 2473 tonis
304 2408 440 2492 verbisl)
464 2429 577 2474 vereor
600 2429 640 2473 ne
663 2410 778 2492 multi,>
791 2408 847 2473 ubi
862 2411 897 2472 in
913 2410 1011 2491 hujus
1026 2410 1129 2492 ipsius
1144 2408 1316 2474 Frontonis

201 2520 338 2601 ejusque
373 2517 605 2601 discipulorum
640 2518 886 2599 amicorumque
921 2517 1066 2600 epistulis
1101 2534 1231 2600 operam
1265 2535 1316 2579 me

201 2625 372 2688 collocasse
395 2624 544 2705 viderint,
567 2643 647 2686 naso
673 2624 863 2705 suspensuri
886 2623 960 2704 sint,
984 2622 1070 2704 quod
1094 2627 1159 2685 tam
1174 2624 1316 2706 ineptam

201 2736 331 2812 tamque
353 2732 511 2814 pessimae
535 2735 629 2793 notae
652 2730 819 2793 materiem
842 2730 1047 2812 potissimum
1062 2730 1143 2792 mihi
1158 2731 1317 2813 elegerim.

203 2837 322 2901 Omnes
347 2840 442 2918 enim,
471 2839 528 2919 qui
556 2839 608 2900 vel
634 2836 793 2899 brevieuli
821 2836 972 2917 temporis
1001 2835 1144 2898 studium
1172 2837 1316 2920 epistulis

203 2943 428 3007 Frontonianis
452 2945 706 3026 imperaverunt,
733 2945 860 3023 praeter
883 2960 987 3002 unum
1008 2940 1173 3024 Angelum
1196 2942 1320 3025 MaJ'nm

203 3052 314 3132 nimio,
349 3051 404 3115 sed
441 3050 528 3130 qarod
558 3049 683 3133 ignosci
721 3048 822 3131 possit
860 3048 1038 3111 inventoris
1072 3067 1148 3132 erga
1184 3050 1318 3114 inventa

204 3176 312 3220 amore
335 3157 528 3240 perductum
552 3162 584 3220 et
607 3154 770 3239 quendam
792 3153 945 3217 imbecilli
969 3154 1085 3235 judicii
1108 3156 1214 3219 virum
1243 3157 1318 3221 doc·

203 3260 315 3347 oum2),
348 3264 405 3345 qui
431 3265 467 3326 in
493 3262 600 3326 libello
629 3262 669 3325 de
695 3260 867 3324 Frontonis
896 3262 1045 3343 reliquiis
1079 3263 1196 3345 scripto
1230 3263 1319 3327 futti-

203 3369 335 3431 lissimis
357 3368 537 3431 rationibus
561 3370 709 3431 evincere
732 3368 850 3448 studet,
873 3367 1075 3432 ‘Frontonem
1100 3370 1229 3451 quidem
1253 3391 1320 3434 non

202 3476 297 3559 plane
322 3475 556 3557 claritudinem,
581 3494 643 3557 qna
665 3476 754 3558 prius
778 3474 932 3556 floruerit
954 3475 1056 3538 multo
1079 3480 1187 3539 tannen
1210 3478 1320 3540 minus

205 3582 407 3664 oblivionem,
436 3602 501 3665 qua
535 3582 634 3666 vulgo
669 3582 805 3662 sordeat,
838 3586 954 3644 mereri
988 3586 1020 3645 et
1054 3585 1185 3645 omnino
1219 3583 1321 3647 fuisse

204 3689 312 3751 nirunn
346 3690 502 3771 optimum
537 3688 665 3751 dicendi
696 3688 790 3772 longe
822 3707 887 3751 non
916 3688 1114 3772 imperitum’
1142 3709 1320 3753 —omnes

204 3796 304 3877 igitur
325 3801 452 3878 praeter
473 3796 531 3858 hos
554 3794 665 3857 ambos
687 3796 724 3856 in
747 3814 784 3867 eo
808 3795 1023 3876 consentiunt,
1051 3795 1131 3857 nihil
1158 3797 1209 3859 his
1236 3797 1320 3880 frag-

206 3902 323 3964 mentis
345 3902 485 3984 ineptins
509 3902 641 3984 cogitari
664 3919 765 3984 posse.
811 3900 931 3963 'lamen
954 3902 982 3963 si
1006 3920 1077 3965 eam
1097 3906 1220 3965 tantum
1237 3902 1321 3966 litte-

297 4149 323 4218 1)
346 4149 389 4202 Ad
411 4148 447 4201 M.
466 4149 565 4201 Anton.
595 4147 635 4200 De
654 4146 793 4201 orationib.
822 4163 848 4214 p.
868 4148 918 4201 157
937 4164 963 4202 n.
983 4149 998 4201 1
1018 4163 1057 4215 sq.
1089 4146 1185 4201 Nabar.
1210 4147 1321 4216 Semper

207 4237 381 4291 novissimam
401 4236 546 4291 editionem
565 4253 581 4290 a
598 4236 705 4290 Nabero
724 4237 844 4289 curatam
863 4236 1011 4290 citabimus

297 4365 324 4432 2)
342 4359 579 4429 Philibert-Sonpo'a
597 4362 637 4414 De
658 4359 797 4414 Frontonis
815 4358 937 4427 reliquiis
957 4359 1082 4413 Ambiani
1101 4360 1170 4415 1853
1188 4378 1214 4428 p.
1234 4363 1294 4417 125.

1107 4463 1122 4514 1
