3175 5009
717 364 758 426 47

179 555 265 617 idem
290 553 329 616 de
353 552 619 634 praecedentibus
639 551 855 634 judicandum
884 558 940 616 est.
986 552 1050 616 Sed
1084 556 1215 617 omnino
1239 554 1298 617 Fa-

179 662 332 723 vorinum
356 663 391 721 ut
414 665 528 742 cetera,
550 660 595 722 ita
619 660 716 722 etiam
739 655 797 721 hos
822 659 916 722 ludos
933 658 1053 722 Graeca
1068 660 1181 744 lingua
1200 663 1302 745 scrip-

186 768 267 829 sisse
291 770 322 827 et
345 764 486 832 Gellium
509 764 618 846 XVII,
644 765 693 845 12,
722 765 813 846 466.
849 768 918 848 ejus
952 766 1051 829 verba
1085 769 1118 830 in
1154 768 1300 852 linguam

180 871 325 934 Latinam
349 875 483 936 vertIsse
506 873 586 934 mihi
608 871 783 935 verisimile
807 877 856 935 est
878 873 929 956 (ef.
947 872 1024 935 Gell.
1042 873 1119 954 XII,
1144 875 1173 951 1,
1197 877 1252 958 24)
1271 874 1297 961 ”)

179 979 248 1041 Iam
272 980 299 1041 si
322 978 494 1042 Frontonis
526 978 626 1041 uerba
660 979 912 1061 consideramus
944 999 1039 1043 nemo
1074 999 1140 1043 666
1174 984 1299 1062 sentiet,

180 1091 301 1168 quanta
325 1087 559 1150 allitterationis
580 1087 633 1148 ,vis
656 1087 734 1149 insit
755 1087 791 1148 in
814 1086 920 1149 verbis
953 1087 998 1150 ‘ut
1033 1125 1074 1132 —
1111 1088 1298 1171 neglegere',

178 1197 210 1255 et
234 1197 430 1276 quantopere
462 1195 622 1257 comicum
656 1193 777 1256 fontem
811 1194 944 1276 sapiant.
990 1193 1105 1276 Itaque
1134 1194 1298 1288 666116166-

176 1301 302 1363 tissime
324 1301 383 1363 hos
406 1321 521 1365 versus
545 1300 717 1364 effecerim:
1053 1282 1055 1286 ’

319 1424 363 1488 Ut
386 1429 534 1508 quaeque
558 1424 675 1487 mulier
696 1423 792 1507 magi'
815 1423 925 1487 fretast
946 1424 1029 1488 facie
1054 1425 1147 1508 [sua],

318 1533 366 1594 ita
388 1532 516 1595 facilius
540 1538 648 1595 cutem
672 1534 702 1593 et
725 1531 877 1613 capillum
902 1531 1049 1614 neglegit.

267 1636 413 1701 Eandem
434 1640 624 1701 sententiam
644 1636 743 1700 habes
764 1638 848 1720 apud
866 1637 970 1700 Plaut.
988 1636 1079 1701 Most.
1096 1638 1121 1719 Ι,
1142 1641 1171 1720 3,
1193 1642 1233 1703 93
1251 1662 1297 1723 sq.

230 1739 232 1744 ’
310 1743 429 1808 Mulier
453 1764 536 1827 quae
560 1764 594 1836 se
619 1747 777 1827 suamque
800 1749 937 1807 aetatem
959 1746 1086 1826 spernit,
1117 1748 1245 1828 speculo
1267 1750 1297 1812 ei

800 1855 880 1914 risus
904 1856 964 1913 est:

313 1956 396 2033 Quid
421 1965 516 2042 opust
539 1958 669 2041 speculo
692 1957 761 2040 thi,
793 1977 891 2040 quom
915 1964 984 2021 tute
1022 1961 1152 2043 speculo
1196 1964 1296 2045 speei-

799 2084 874 2127 men
898 2067 1087 2132 maximum.
1119 2087 1144 2131 6.
1171 2090 1198 2150 q.
1226 2089 1251 2134 s,

266 2188 309 2252 Et
332 2209 409 2253 sane
433 2194 464 2252 et
486 2194 594 2252 noster
626 2190 716 2252 locus
750 2194 781 2252 et
814 2210 928 2253 versus
959 2193 1055 2274 paulo
1087 2213 1185 2276 supra
1216 2214 1296 2258 enu-

181 2296 271 2358 cleati
293 2296 409 2359 Plauto
435 2296 525 2379 digni
548 2295 661 2360 forent.

267 2401 375 2467 Minus
409 2411 504 2483 certa,
539 2402 593 2466 sed
628 2407 735 2466 tamen
769 2403 863 2468 valde
895 2407 1083 2469 verisimilia
1117 2408 1195 2471 haee
1231 2410 1295 2472 duo

178 2509 324 2592 exempla
347 2510 512 2573 videntur:

264 2645 316 2720 Ad
338 2647 457 2722 Antan.
479 2648 573 2723 Pium
595 2649 648 2724 Π]
673 2683 716 2703 =
741 2673 773 2745 p.
800 2650 860 2722 166
887 2674 918 2723 v.
945 2652 994 2724 14.
1049 2655 1177 2739 fronto,
1211 2663 1296 2741 post-

177 2776 276 2839 quam
300 2758 441 2821 amicum
463 2766 636 2838 mortuum,
660 2759 799 2842 Nigrum
816 2759 1015 2841 Censorium,
1040 2764 1125 2844 quod
1148 2766 1183 2826 in
1201 2770 1295 2828 testa-

175 2868 284 2927 mento
309 2884 368 2926 suo
392 2885 507 2947 parurn
540 2865 647 2931 verbis
682 2868 907 2949 temperaverit
941 2868 1097 2931 adversus
1131 2871 1295 2934 hominem

174 2971 360 3054 imperatori
382 2971 581 3056 familiarem,
604 2975 780 3055 excusavit,
803 2975 849 3036 ita
871 2974 990 3056 pergit:
1015 2973 1085 3058 Ego
1109 2981 1194 3040 certe
1218 2978 1294 3042 deos

176 3097 308 3160 superos
340 3078 524 3162 inferosque
558 3086 589 3143 et
621 3081 719 3145 fidem
753 3100 904 3143 arcanam
938 3081 1098 3145 humanae
1133 3085 1315 3149 amicitiae·

175 3188 283 3266 testor,
315 3205 366 3249 me
390 3206 517 3270 semper
539 3192 702 3252 auctorem
733 3188 845 3269 fuisse,
879 3187 974 3269 cujus
1003 3206 1029 3250 6.
1054 3209 1082 3271 q.
1107 3186 1142 3272 s]
1190 3189 1224 3253 Si
1257 3211 1295 3254 ea

176 3310 258 3372 qnae
280 3294 426 3375 proxime
450 3295 657 3377 praecedunt,
680 3295 796 3378 legeris
811 3314 840 3355 v.
867 3294 906 3355 10
932 3313 977 3376 sq.
1003 3345 1009 3357 .
1036 3346 1042 3358 .
1070 3347 1076 3359 .
1101 3296 1217 3359 ‘virum
1237 3298 1292 3361 illo

173 3397 243 3480 ipso
266 3403 408 3483 ternpore
432 3419 496 3483 qno
518 3400 661 3464 offendit:
687 3402 742 3464 sed
762 3400 899 3463 amando
915 3401 960 3463 ita
976 3400 1115 3485 offendit,
1139 3409 1176 3467 ut
1191 3404 1293 3487 plera-

176 3524 238 3587 que
261 3508 423 3589 animalia,
455 3507 576 3590 quibus
600 3507 689 3571 abest
712 3528 764 3571 ars
788 3513 819 3571 et
843 3507 997 3571 sedulitas
1029 3509 1198 3592 educandi,
1233 3533 1294 3576 ova

174 3615 270 3694 atque
294 3615 417 3678 catulos
442 3634 518 3678 suos
542 3615 709 3699 unguibus
734 3619 789 3677 aut
813 3613 965 3678 dentibus
984 3615 1067 3679 male
1087 3623 1293 3702 contrectant,

261 3861 306 3930 85)
330 3861 372 3914 Ita
394 3863 424 3913 ut
447 3862 561 3915 sentiam
585 3863 701 3915 officiiur
720 3862 810 3915 verbis
828 3861 971 3916 frontonis
989 3879 1071 3931 supra
1088 3862 1180 3917 citatis
1195 3881 1220 3932 p.
1239 3866 1290 3920 211

176 3965 202 4002 v.
222 3949 238 4002 6
260 3950 493 4005 ‘nullum-nobile.
513 3950 591 4005 Nihil
609 3950 641 4004 de
660 3967 692 4003 66
710 3966 738 4002 re
756 3950 850 4003 inveni
873 3951 944 4019 apud
963 3951 1122 4005 Marrasium
1146 3951 1186 4005 De
1205 3952 1289 4006 Favo-

173 4037 227 4090 rini
251 4039 316 4107 vita,
343 4041 449 4111 studiis
474 4042 592 4109 scriptis.
617 4040 681 4093 diss.
707 4039 796 4106 inaug.
833 4039 945 4107 Trajecti
970 4041 1003 4093 ad
1030 4040 1080 4097 Rh.
1100 4039 1290 4110 MDCCCLIH,

173 4127 220 4194 qui
244 4130 334 4182 tamen
357 4133 429 4183 recte
454 4130 536 4184 verba
554 4129 694 4184 Frontonis
718 4145 742 4195 p.
762 4129 815 4184 215
834 4146 859 4183 v.
880 4129 913 4183 18
932 4130 971 4182 ita
988 4130 1188 4196 interpretatur:
1229 4133 1290 4184 ‘non

173 4230 240 4281 opus
258 4232 316 4270 esse
335 4235 363 4271 se
383 4218 558 4286 descriptioni
577 4234 641 4271 suae
660 4218 804 4286 appingere
824 4218 960 4286 pigmenta
981 4218 1037 4271 fuci
1060 4217 1208 4272 seeundum
1232 4236 1288 4272 rne-

173 4303 285 4357 thodum
304 4304 438 4361 favorini'
459 4309 503 4376 (cf.
522 4307 624 4361 Marres
642 4324 667 4374 p.
687 4306 741 4373 52).
