3175 5009
731 396 770 459 51

191 594 290 653 tatam
313 589 416 652 fuisse
440 587 581 671 aliquam
604 585 745 651 fabulam
769 585 809 648 de
824 584 953 651 Herone
977 592 1008 650 et
1023 585 1178 652 Leandro,
1212 587 1308 653 Hanc

190 695 344 759 Frontoni
378 698 508 778 propter
542 714 613 758 eam
641 712 787 773 causam,
822 713 920 775 quam
946 695 1015 778 ipse
1038 696 1307 772 commemoravit,

193 803 403 886 displicuisse.
450 799 617 876 Quomodo
650 802 756 884 aptius
791 800 820 863 ei
856 820 948 864 suam
980 802 1083 885 ipsius
1115 801 1307 863 sententiam

192 927 350 993 opponere
384 909 502 992 potuit,
542 927 639 990 quam
671 909 699 970 si
727 906 826 969 verba
853 927 895 969 ex
922 908 1026 990 ipsius
1056 906 1182 970 fabulae
1204 908 1307 988 initio,

190 1015 247 1080 ubi
271 1017 361 1100 virgo
386 1017 536 1079 amatoris
558 1014 710 1099 precibus
733 1014 873 1096 primum
898 1013 1074 1093 resistebat,
1096 1012 1308 1078 mutuabatur

190 1123 300 1206 itaque
326 1122 415 1187 illam
442 1123 584 1187 fabulam
614 1121 681 1184 suis
704 1121 817 1204 ipsius,
844 1120 1050 1202 didicimus,
1078 1121 1175 1183 armis
1197 1121 1307 1183 vincc-

189 1227 265 1292 bat?
288 1228 362 1292 Jam
386 1234 472 1294 recte
494 1229 720 1312 intellegemus
743 1227 855 1290 verba:
888 1227 977 1291 ‘haec
1000 1228 1098 1290 oratio
1122 1227 1305 1292 amantibus

189 1335 306 1399 deouit’
330 1355 356 1400 o.
376 1357 403 1419 q.
421 1357 444 1401 s.
492 1334 640 1399 Declarat
662 1336 757 1416 enim,
779 1336 872 1397 initio
887 1339 1007 1398 rectam
1022 1335 1109 1397 viam
1127 1335 1306 1418 ingressam

161 1442 163 1446 ’
189 1461 260 1506 esse
290 1444 463 1526 virginem:
499 1442 554 1505 sed
584 1445 695 1526 postea
722 1461 831 1505 amore
858 1443 975 1505 victam
998 1423 1043 1504 'ab
1071 1461 1109 1504 ea
1132 1440 1304 1506 aberrasse.

188 1549 301 1632 Itaque
332 1549 459 1613 ‘decuit'
484 1550 512 1612 h.
536 1549 555 1611 l.
579 1568 645 1611 non
671 1548 756 1611 idom
783 1548 883 1630 valet,
915 1549 1015 1632 quod:
1051 1548 1197 1612 ‘dicenda
1224 1550 1304 1632 fmt',

190 1656 259 1719 sed:
294 1657 453 1721 ‘decenter
481 1657 564 1719 dicta
591 1655 658 1718 est’.
705 1653 855 1718 ceterum
883 1655 1060 1719 absurdum
1084 1661 1176 1739 esset,
1200 1659 1228 1721 si
1252 1678 1306 1721 su-

187 1762 254 1826 bito
283 1765 351 1827 suis
372 1763 481 1827 verbis
504 1761 622 1826 Fronto
646 1761 842 1846 discipulum
866 1764 911 1825 ita
934 1762 1176 1846 adloqueretur,
1212 1767 1304 1847 quasi

186 1870 216 1932 is
239 1868 385 1933 Leander
417 1874 448 1933 et
474 1870 543 1952 ipse
569 1869 657 1932 Hero
686 1873 782 1949 esset3
816 1869 902 1952 quod
924 1869 1076 1933 facillime
1098 1870 1168 1934 fieri
1191 1873 1305 1954 potuit,

187 1976 304 2038 sinon
328 1978 396 2040 suis
419 1975 525 2040 verbis
550 1976 706 2057 utebatur,
730 1976 784 2038 sed
808 1975 952 2040 fabulam
973 1977 1113 2041 nobilem
1129 1983 1161 2040 et
1173 1977 1303 2041 Caesari

186 2082 298 2165 procul
333 2082 430 2146 dubio
462 2083 545 2147 bene
573 2088 681 2146 notam
709 2082 869 2145 laudabat.
914 2083 962 2146 Ea
985 2086 1070 2147 enim
1092 2086 1223 2150 omnino
1246 2083 1302 2147 na-

185 2193 259 2252 tura
282 2188 678 2264 verborumlaudatorum
703 2195 760 2270 est,
786 2195 832 2270 ut,
856 2190 943 2273 quod
968 2190 1006 2253 de
1028 2192 1175 2273 personis
1199 2196 1230 2255 et
1253 2211 1301 2255 re

185 2294 247 2358 bus
274 2295 369 2380 longe
396 2296 466 2360 aliis
490 2297 613 2360 dictum
637 2297 691 2379 sit,
725 2297 816 2359 nulla
840 2297 1025 2361 offensione·
1038 2298 1078 2360 ad
1102 2317 1170 2361 rem
1193 2318 1301 2382 perso-

185 2421 326 2486 namque
348 2410 547 2486 praesentem
569 2403 791 2468 transferatur.

273 2524 348 2590 Jam
376 2526 533 2592 habemus
559 2527 702 2591 fabulam
731 2529 770 2591 de
800 2527 930 2592 Herone
957 2534 988 2593 et
1010 2528 1171 2611 Leandr0,
1204 2550 1301 2612 quam

184 2633 381 2715 tragoediam
413 2641 445 2698 et
472 2635 602 2718 quidem
625 2636 766 2718 priscam
788 2636 988 2719 tragoediam
1018 2637 1110 2700 Accii
1133 2636 1198 2700 tere
1222 2641 1300 2699 tem-

183 2737 316 2821 poribus
339 2739 592 2819 adscribendam,
615 2741 715 2804 fuisse
736 2740 990 2826 fragmentorum
1013 2751 1044 2808 et
1066 2748 1132 2807 toto
1148 2743 1252 2807 colore
1270 2748 1302 2807 et

183 2846 326 2909 metricis
349 2846 469 2929 reguiis
493 2843 700 2928 evinciturffl)

273 2969 423 3034 Alterum
454 2970 680 3054 fragmentum,
712 2977 748 3034 ut
774 2975 843 3054 jam
875 2993 973 3056 supra
995 2974 1203 3054 ostendimus,
1230 2976 1301 3038 sine

184 3074 282 3138 dubio
306 3095 323 3140 e
345 3077 449 3164 prima
471 3076 599 3141 fabulae
621 3083 711 3161 parte
733 3081 870 3162 petitum
893 3085 950 3161 est,
972 3078 1030 3143 ubi
1051 3078 1138 3143 Hero
1160 3079 1300 3145 Leandri

183 3182 318 3264 impetui
340 3185 480 3267 primum
499 3183 673 3249 resistebat.
709 3184 832 3249 Eadem
852 3205 947 3249 scena
963 3192 1011 3250 est
1029 3187 1114 3269 apud
1130 3186 1299 3252 Musaeum

183 3306 213 3349 v.
240 3288 412 3352 112-220
447 3310 543 3372 quem
574 3311 637 3373 quo
664 3292 738 3372 jure
773 3293 984 3373 conferamus,
1014 3293 1097 3355 infra
1127 3295 1297 3377 apparebit.

182 3392 296 3476 Itaque
319 3394 459 3460 Heronis
482 3395 581 3460 verba
599 3398 667 3479 jam
695 3397 782 3460 hunc
809 3399 845 3460 in
874 3399 1007 3463 modum
1039 3399 1180 3483 suppleri
1209 3407 1297 3484 pote-

181 3495 315 3581 runt91):

180 3695 393 3705 ᾖ

269 3799 316 3868 90)
335 3801 396 3855 Non
416 3800 563 3855 verisimile
582 3803 623 3855 est
640 3804 710 3857 hanc
729 3804 846 3859 tabidam
866 3809 948 3860 totam
968 3807 1108 3862 Frontonis
1132 3811 1296 3878 temporibus
1321 3837 1323 3846 ·

180 3884 281 3941 Romae
299 3891 387 3943 actam
408 3891 499 3946 fuisse.
529 3892 572 3962 (ci.
592 3891 781 3946 Friedlaender
800 3894 891 3949 Roem.
911 3895 974 3950 Litt.
993 3897 1082 3964 gesch.
1102 3898 1142 3952 11³
1159 3916 1184 3967 p.
1203 3900 1255 3952 427
1269 3905 1295 3953 et

180 3974 232 4030 606
251 3979 302 4046 sq.)
321 3977 374 4031 Sed
392 3981 440 4032 aut
458 3981 490 4034 de
509 3982 660 4051 tragoediae
678 3982 1125 4052 partibus(ef.F1iedlaenderl.c.
1140 4004 1165 4055 p.
1178 3988 1231 4042 429
1243 3989 1294 4059 sq.)

180 4066 226 4117 aut
245 4065 277 4118 de
296 4068 460 4134 pantomimo
479 4070 556 4138 cujus
582 4071 666 4125 verba
693 4087 727 4123 ox
756 4071 866 4139 antiqua
894 4075 1030 4142 tragoedia
1054 4077 1194 4144 desumpta
1218 4081 1295 4131 erant

180 4153 290 4221 (Friedl.
309 4155 327 4211 l.
347 4173 370 4211 c.
389 4174 414 4225 p.
433 4157 485 4213 431
505 4158 555 4228 sq.)
574 4160 744 4228 cogitandum
763 4160 822 4216 erit.

269 4243 315 4312 91)
347 4244 399 4299 Sed
428 4246 539 4301 fortasse
565 4247 633 4301 iliud
661 4248 807 4303 insolenter
831 4250 975 4319 repetitum
1006 4250 1110 4322 ‘potius’
1144 4253 1174 4306 in
1204 4254 1295 4308 verbis

179 4328 257 4385 ‘Nam
281 4347 330 4400 ego
352 4333 441 4402 potius
465 4337 490 4389 te
514 4352 632 4406 caruero,
659 4337 748 4407 potius
772 4355 853 4408 quam
877 4339 922 4393 ted
945 4341 995 4396 hoc
1018 4342 1105 4397 noctis
1124 4385 1130 4399 .
1150 4384 1157 4398 .
1177 4385 1183 4399 .
1201 4345 1293 4398 natare
