3175 5009
864 406 906 469 42

329 599 460 681 quitatis
492 597 654 661 studiosus
686 601 751 660 tam
783 599 919 660 recentis
952 594 1113 678 scriptoris
1145 613 1275 656 versum
1307 614 1441 676 usurpa-

328 706 419 785 verit,
451 706 544 767 etiam
574 703 700 767 Horatii
728 708 759 766 et
792 702 922 786 Vergilii
950 701 1056 765 verbis
1080 702 1190 782 utitur,
1213 699 1250 765 ei.
1274 699 1316 763 M.
1341 699 1441 763 Hertz

328 810 472 874 Renaiss,
496 833 527 874 u.
550 810 676 873 Rocoeo
700 832 729 894 p.
745 811 797 872 48.

416 913 468 988 Ad
490 913 610 988 Anien.
634 912 717 1009 Imp.
740 912 767 1004 I,
800 913 884 987 3=
906 935 938 1007 p.
966 910 1034 999 101,
1065 910 1098 984 9:
1132 912 1217 977 Deos
1251 933 1367 996 quaeso
1402 915 1444 977 sit

329 1024 440 1088 salvus
464 1029 558 1105 sator,
582 1024 671 1088 salva
694 1025 759 1088 sint
783 1027 861 1097 sata,
890 1022 980 1084 salva
1003 1040 1094 1105 seges
1118 1022 1168 1102 sit,
1198 1040 1281 1103 quae
1308 1025 1373 1083 tam
1400 1021 1443 1084 si·

327 1130 420 1194 miles
443 1130 616 1214 procreati
662 1130 828 1194 Facillinio
852 1134 979 1214 negotio
1007 1130 1186 1194 restituitur
1212 1128 1398 1191 hexameter
1424 1147 1444 1190 e

327 1238 433 1321 prisca
456 1239 544 1320 poesi
567 1238 766 1321 desumptus,
790 1240 847 1322 qui
871 1240 965 1302 valde
988 1237 1097 1300 vivida
1120 1236 1342 1299 allitteratione
1358 1255 1443 1299 com·

328 1343 511 1407 mandatur:

331 1431 341 1450 ’
417 1449 526 1513 Salvu’
551 1463 637 1513 sator
659 1451 709 1530 sit,
732 1452 822 1515 salva
846 1454 929 1517 sient
953 1458 1031 1533 sata,
1055 1453 1145 1516 salva
1168 1469 1260 1533 seges
1284 1451 1332 1512 sit.

418 1555 511 1632 Quod
535 1557 606 1620 talis
629 1557 803 1622 verborum
827 1560 903 1622 ordo
918 1558 1045 1624 ‘Salvus
1068 1564 1153 1622 satur
1171 1556 1223 1621 sit’
1247 1556 1282 1617 in
1298 1556 1444 1639 margine

327 1665 453 1746 legitur,
481 1663 541 1726 hoc
564 1664 686 1728 nullius
710 1667 864 1729 momenti
888 1685 957 1729 esse
979 1670 1090 1750 potest.
1137 1664 1287 1728 Ceterum
1309 1682 1352 1726 ne
1384 1664 1444 1725 mi·

327 1772 407 1834 reris
429 1771 465 1833 in
489 1771 601 1842 eodem
627 1792 723 1836 versu
746 1774 879 1855 copulae
898 1772 1033 1836 formam
1054 1786 1086 1837 et
1107 1772 1245 1835 solutam
1269 1775 1301 1832 et
1315 1788 1442 1851 eorrep-

327 1883 392 1940 tam
417 1878 453 1940 ef.
483 1897 508 1940 e.
536 1899 564 1961 g.
587 1878 654 1941 Ter.
683 1880 782 1941 Andr.
810 1879 852 1960 H,
878 1881 949 1961 5,13
980 1880 996 1943 I
1025 1880 1178 1942 nunciam
1209 1879 1303 1957 intro,
1335 1895 1377 1938 ne
1409 1880 1444 1937 iu

327 2004 432 2065 mora,
467 2003 566 2066 quom
601 2004 682 2067 opus
718 1991 767 2068 sit,
803 1988 874 2049 sies.
929 1986 997 2050 Ter.
1030 1986 1146 2049 Heaut.
1178 1984 1235 2065 IV,
1261 1983 1309 2064 1,7
1345 1982 1443 2044 timeo

328 2090 407 2173 quid
431 2091 479 2153 sit.
515 2088 568 2153 (lh.
598 2092 678 2174 quid
706 2094 787 2156 siet?
834 2093 968 2176 Adelph.
992 2092 1148 2174 nimpe,
1194 2090 1279 2154 Eun.
1304 2088 1443 2169 111,5,7.

326 2195 444 2277 Hecyr.
472 2196 625 2278 1V,1,5a
663 2204 694 2262 et
727 2201 776 2261 58.
812 2200 851 2280 V,
876 2201 956 2281 l,40.
1001 2199 1129 2263 Phorm.
1165 2197 1204 2279 V,
1227 2196 1288 2278 4,6.
1338 2194 1443 2258 Plaut.

328 2300 397 2364 Cas.
426 2302 483 2384 IV,
506 2305 566 2385 lp.
613 2306 727 2388 Amph.
755 2306 780 2388 I,
807 2309 865 2386 lp.
911 2306 976 2370 Mil.
1005 2306 1046 2387 H,
1070 2306 1142 2387 232
1171 2310 1203 2368 et
1231 2303 1311 2383 5,39.
1356 2301 1443 2364 Trin.

325 2411 385 2494 HI,
405 2412 486 2493 2,68.
533 2412 625 2476 Cure.
649 2411 784 2494 111,1,2.
831 2412 914 2477 Men.
938 2414 980 2495 ss,
997 2411 1078 2493 2,66.

414 2519 484 2582 Iam
508 2521 692 2583 accedimus
716 2521 757 2583 ad
780 2540 896 2584 versus
912 2521 1069 2603 jambicos
1089 2518 1338 2599 trochaioosque,
1362 2535 1444 2598 quos

326 2643 367 2687 ex
392 2628 526 2708 antiqua
548 2626 657 2689 fabula
679 2627 812 2690 haustos
836 2646 916 2708 esse,
938 2627 1110 2691 verisimile
1133 2631 1188 2689 est.
1546 2617 1547 2632 i

415 2730 457 2794 nt
479 2734 622 2816 primurn
651 2733 785 2815 quidem
816 2736 923 2798 nescio
956 2754 998 2797 an
1028 2739 1113 2797 recte
1136 2731 1335 2795 Klnssmann
1366 2730 1385 2792 l.
1418 2750 1445 2792 c.

326 2858 355 2920 p.
383 2838 423 2900 78
448 2858 490 2902 ex
512 2839 620 2904 verbis
642 2860 673 2932 p.
697 2837 759 2911 106
781 2861 812 2911 v.
835 2838 853 2910 1
881 2836 950 2919 (Ad
972 2836 1092 2911 Aulon.
1115 2834 1196 2930 Imp.
1219 2832 1264 2924 Π,
1282 2835 1320 2917 2)
1350 2839 1445 2900 ‘Atti-

328 2946 374 3007 eis
399 2947 578 3029 propinque
602 2948 751 3028 thymum
775 2948 1019 3030 serpyllumque
1039 2947 1233 3028 hymettium
1251 2946 1445 3008 ruminanti-

327 3050 389 3115 bus
412 3052 512 3130 viris’‚
539 3073 620 3136 quae
644 3074 718 3117 cum
741 3060 808 3117 tota
830 3055 947 3137 pagina
970 3055 1108 3138 perierit,
1131 3072 1220 3116 nunc
1243 3054 1278 3113 in
1299 3051 1445 3134 margine

326 3158 489 3242 leguntur,
512 3161 601 3223 hunc
623 3179 753 3224 versum
775 3161 974 3224 formaverit:

371 3255 488 3338 Atticis
512 3276 661 3357 thymum
683 3278 904 3361 propinquum
929 3277 1171 3359 serpyllumque
1193 3275 1395 3356 hymettium.

415 3380 463 3444 Ea
486 3384 571 3445 enim
595 3384 709 3446 horum
733 3383 904 3447 verborum
928 3386 1087 3447 sententia
1110 3391 1166 3466 est,
1200 3389 1235 3446 ut
1263 3382 1319 3445 vix
1349 3381 1445 3444 intel·

325 3487 432 3571 legere
460 3490 631 3572 pessimun,
666 3491 826 3573 quomodo
860 3490 899 3553 ab
931 3493 1000 3574 ipso
1028 3490 1190 3556 Frontone
1225 3492 1341 3574 scripta
1373 3508 1445 3552 esse

325 3597 464 3680 possint,
496 3597 552 3659 sed
576 3598 683 3660 nescio
707 3617 767 3660 cur
789 3597 989 3661 Klnssmann
1014 3600 1128 3662 ultima
1150 3598 1249 3663 verba
1281 3597 1445 3681 spreverit,

328 3722 409 3786 quae
437 3704 464 3765 si
497 3723 572 3766 curn
605 3703 766 3786 prioribus
800 3706 1054 3788 coniunguntur,
1085 3711 1155 3769 tum
1187 3707 1317 3769 demum
1349 3707 1444 3785 aptus

326 3976 402 4043 epico
421 3976 581 4045 heroicoque
601 3978 690 4044 poesis
709 3994 805 4044 genere
823 3978 937 4046 petitum
956 3994 1022 4045 esse,
1047 3995 1109 4032 cum
1128 3979 1159 4033 E.
1179 3978 1253 4032 Plew
1278 3977 1443 4031 demonstra-

325 4064 404 4132 verit,
422 4066 523 4119 eeteros
535 4065 684 4119 carminum
698 4067 943 4121 hexametricorum
955 4068 1099 4135 scriptores
1111 4067 1225 4120 minime
1244 4084 1260 4120 a
1272 4064 1443 4133 tetrasyllabo
1543 4107 1544 4110 ,

325 4153 402 4207 exitu
429 4154 618 4209 abhorsuisse‘?
647 4154 682 4207 nt
710 4157 875 4209 fortasse-
895 4157 1057 4210 sedrnoneo
1081 4156 1208 4211 ‘sortasse'
1232 4154 1443 4219 mediocrene
1543 4151 1544 4162 *

325 4242 443 4296 Aemilio
465 4243 555 4299 Mauro
579 4244 694 4313 cogitare
718 4259 868 4312 possumus,
897 4246 943 4314 qui
965 4245 1079 4313 Vergilii
1103 4244 1223 4312 aequalis
1246 4244 1298 4297 tuit
1323 4242 1442 4296 ornitho-

328 4331 488 4400 goniamque
507 4334 623 4403 scripsit,
642 4335 676 4388 cl.
695 4333 796 4389 Teuffel
814 4334 906 4389 Rocrn.
924 4334 976 4390 Lit.
995 4334 1083 4403 gesch„
1104 4333 1116 4371 3
1134 4333 1194 4402 223,
1215 4334 1231 4388 6
1250 4335 1277 4386 et
1294 4334 1318 4388 7.
