3175 5009
815 417 834 476 2

267 626 376 669 rarum
398 609 521 689 partem
543 604 762 685 tractabimus,
796 623 879 686 quae
911 605 963 667 vel
994 607 1194 669 amoenitatis
1226 609 1381 689 pulcritu-

268 713 417 795 dinisque
456 713 622 777 illecebras
660 710 809 795 praebeat
848 711 900 802 uel
939 714 1170 775 sententiarum
1213 714 1381 778 altitudine

265 820 442 902 legentium
470 821 595 882 animos
623 818 731 881 efferat
754 817 808 880 vel
837 835 946 880 rerum
975 819 1162 882 traditarum
1190 822 1280 903 copia
1308 841 1381 884 nos-

266 930 348 989 tram
381 927 547 989 scientiam
580 923 761 1009 amplificet,
793 915 904 987 vereor
935 944 975 988 ne
1010 928 1119 1009 magni
1152 946 1229 989 sane
1262 933 1381 990 tractus

266 1033 445 1096 litterarum
469 1037 500 1096 et
524 1032 719 1096 Graecarum
743 1037 773 1094 et
794 1028 981 1093 Latinarum
1012 1033 1127 1094 inculti
1151 1034 1281 1114 jacituri
1309 1036 1380 1096 sint.

266 1139 437 1203 Praeterea
464 1158 529 1202 non
552 1138 746 1203 Frontonem
772 1142 901 1220 propter
927 1137 1120 1201 Frontonem
1144 1177 1186 1185 --
1210 1160 1284 1202 nam
1313 1144 1381 1203 turn

268 1246 399 1328 quidem
424 1265 519 1329 opera
549 1246 622 1309 lusa
645 1251 729 1309 esset
752 1282 795 1289 —
818 1244 966 1327 legimus,
999 1251 1239 1328 pertractamus,
1275 1267 1382 1310 ernen-

267 1352 342 1416 dare
365 1352 543 1434 studemus,
566 1353 621 1416 sed
645 1357 773 1436 propter
796 1370 924 1414 morunt
948 1350 1166 1416 Romanorum
1198 1357 1229 1416 et
1252 1354 1382 1437 linguae

266 1457 399 1521 Latinae
415 1460 590 1540 historiam,
610 1479 708 1541 quam
731 1478 773 1522 ex
796 1459 857 1520 hoc
881 1458 967 1522 fonte
991 1461 1139 1541 quamvis
1162 1460 1255 1523 foedo
1274 1466 1381 1523 tamen

266 1566 413 1629 nonnihil
442 1564 547 1629 bonae
579 1565 681 1649 frugis
713 1566 875 1648 percipere
907 1584 1000 1647 posse
1028 1585 1123 1629 nemo
1152 1567 1292 1650 negabit,
1319 1569 1382 1631 nisi

267 1674 324 1755 qui
347 1693 527 1755 numquam
551 1691 592 1736 ex
616 1692 652 1735 eo
675 1672 828 1735 hauserit.

354 1813 415 1878 His
440 1815 479 1877 de
502 1815 609 1876 causis
633 1832 674 1877 ex
698 1834 763 1897 quo
787 1815 929 1897 primum
953 1815 1099 1898 Angelus
1116 1814 1221 1895 Majus
1237 1834 1254 1877 e
1269 1817 1382 1898 palim-

266 1926 373 2004 psesto
401 1919 615 1983 Ambrosiano
643 1905 766 2004 partem
796 1939 905 1983 earum
929 1922 1149 2005 epistularum,
1180 1940 1261 2002 quae
1294 1943 1383 1985 nunc

266 2029 300 2090 in
325 2028 503 2091 novissima
526 2027 664 2090 editione
687 2048 706 2089 a
729 2025 858 2089 Nabero
881 2047 907 2088 a.
924 2024 1206 2089 MDCCOLXVIF'
1228 2027 1313 2112 Lips.
1334 2051 1381 2112 ap.

265 2134 386 2198 Teubn.
416 2138 528 2197 curata
556 2138 693 2213 exstant,
724 2133 844 2216 publici
871 2134 956 2214 juris
983 2133 1066 2215 fecit,
1089 2135 1153 2195 viri
1181 2133 1265 2197 docti
1295 2136 1382 2198 baud

267 2241 487 2324 infrequentes
516 2240 556 2302 ad
582 2238 754 2302 Frontonis
782 2241 899 2322 scripta
931 2240 1098 2303 tractanda
1125 2245 1156 2302 et
1184 2242 1383 2305 emendanda

268 2352 481 2412 accesserunt.
529 2345 617 2421 Quos
641 2364 753 2408 omnes
777 2365 967 2409 enumerare
995 2351 1026 2409 et
1053 2347 1187 2429 longum
1219 2353 1250 2410 et
1274 2369 1383 2431 super-

200 2499 202 2503 ,
267 2453 371 2517 fluum
395 2459 451 2536 est,
479 2473 553 2516 cum
584 2452 619 2514 id
646 2472 772 2515 summa
803 2455 876 2515 crim
905 2453 1070 2536 diligentia
1093 2456 1160 2535 jani
1192 2454 1312 2518 factum
1342 2458 1383 2519 sit

267 2581 287 2623 a
319 2559 459 2624 Rudolto
493 2558 694 2623 Klussmann
730 2561 765 2622 in
805 2560 1025 2623 dissertatione
1067 2559 1267 2643 Gottingensi
1306 2565 1383 2625 anni

268 2661 540 2748 MDCOOLXXP,
575 2668 628 2729 cui
657 2667 822 2749 inscripsit
847 2666 1096 2730 ‘Emendationis
1128 2666 1383 2750 Frontonianae',

269 2792 417 2857 quaeque
440 2773 572 2856 repetita
595 2778 643 2835 est
669 2774 704 2835 in
734 2773 832 2836 altero
860 2773 967 2836 libello
998 2778 1091 2835 aucto
1120 2776 1151 2836 et
1183 2775 1382 2858 amplificato,

267 2880 370 2943 tribus
397 2881 491 2943 annis
518 2883 589 2963 post
620 2881 748 2943 emisso:
781 2879 1041 2943 ‘Furendationes
1064 2879 1300 2944 Frontonianae
1324 2903 1381 2945 scr.

268 2985 305 3048 R.
322 2985 372 3048 ΚΙ.
396 2986 485 3049 lnest
507 2987 644 3069 epistula
667 2988 777 3049 critica
799 2986 963 3049 Guilielmi
987 2986 1190 3050 Studemund
1215 2988 1254 3049 ad
1277 2988 1313 3050 R.
1331 2988 1380 3051 ΚΙ.

268 3093 418 3157 Berolini.
443 3093 580 3173 Calvary
596 3091 893 3174 MDOOOLXIV’ss)
924 3093 1003 3156 Plus
1023 3100 1152 3156 centum
1173 3095 1252 3157 locis
1268 3093 1383 3157 Kluss-

269 3221 407 3263 mannus
436 3201 618 3282 conjectura
643 3200 798 3264 medelam
831 3200 942 3263 afferre
974 3207 1107 3264 conatus
1139 3205 1195 3265 est.
1250 3199 1321 3275 Quo
1349 3203 1383 3262 in
1480 3266 1484 3272 ,

269 3309 398 3390 negotio
433 3326 500 3369 non
534 3326 661 3390 semper
694 3309 764 3391 pari
792 3312 913 3370 eventu
947 3313 1093 3371 versatus
1122 3313 1177 3371 est.
1229 3307 1383 3382 Quamvis

270 3415 356 3477 enirn
395 3414 553 3476 nonnulla
589 3415 744 3496 sagaciter
777 3415 943 3478 invenisse
981 3418 1012 3478 et
1046 3434 1171 3497 semper
1209 3436 1274 3478 non
1316 3417 1384 3478 sine

270 3520 414 3584 doctrina
437 3521 540 3604 egisse
560 3520 758 3602 judicandus
782 3524 832 3604 sit,
855 3527 962 3585 tamen
987 3541 1089 3604 saepe,
1120 3521 1175 3583 ubi
1209 3522 1385 3584 difficiliora

270 3629 415 3708 tentavit,
447 3632 503 3690 aut
528 3647 660 3711 prorsus
689 3628 807 3692 falsum
835 3635 890 3691 aut
920 3648 1034 3711 parum
1061 3626 1223 3710 probabile
1250 3631 1383 3692 invenit.

272 3733 438 3798 Praeterea
477 3735 624 3817 quamvis
663 3734 698 3795 in
738 3736 903 3818 diligentia
946 3735 1033 3817 operi
1076 3734 1220 3797 adhibita
1259 3756 1385 3799 summa

272 3839 481 3904 Klussmanni
503 3843 575 3905 laus
599 3843 811 3924 contineatur,
837 3847 945 3905 tanren
973 3861 1039 3904 non
1066 3841 1187 3923 ubique
1215 3844 1385 3925 neglegen-

271 3947 334 4010 tiae
358 3949 485 4031 eulpam
507 3951 608 4013 vitare
631 3944 769 4033 potuita)

271 4129 483 4139 ——-——..

360 4247 387 4319 3)
407 4248 517 4318 Semper
535 4249 649 4304 alterurn
667 4246 789 4302 libellum
809 4246 959 4300 citabimus.

360 4354 388 4425 4)
407 4356 441 4409 cf.
454 4356 497 4411 ΚΙ.
515 4357 534 4410 l.
553 4373 576 4411 c.
595 4373 620 4425 p.
639 4356 674 4409 42
694 4353 799 4408 ‘ceteris
816 4352 883 4407 locis
901 4352 1025 4406 omnibus
1047 4353 1155 4407 «vinea»
1177 4355 1307 4422 scripturn
1327 4355 1382 4407 est’.
