3175 5009
636 1024 838 1135 Theses.

270 1223 294 1287 I.
330 1222 482 1287 Consulto
509 1225 692 1305 Aeschylus
720 1224 772 1288 dei
800 1223 968 1308 Cupidinis
996 1225 1296 1287 commemoratione

181 1331 376 1394 abstinuisse
399 1330 534 1394 videtur.
557 1310 562 1317 ⁵

269 1436 311 1500 H.
344 1436 384 1498 ln
411 1435 533 1500 Valerii
560 1436 666 1500 Flacci
693 1437 718 1519 Ι,
748 1437 813 1500 416
847 1458 893 1520 sq.
925 1437 1072 1502 versibus
1105 1437 1144 1501 de
1175 1437 1296 1521 Ergino

182 1545 326 1608 omnium
354 1562 464 1606 rerum
487 1545 692 1608 nauticarum
714 1545 907 1627 peritissimo
930 1544 1021 1607 factis
1046 1564 1149 1607 unum
1165 1565 1296 1608 versum

182 1651 341 1714 excidisse
363 1655 451 1734 pute,
476 1670 571 1732 quem
594 1652 639 1714 ita
662 1652 892 1735 suppleverim:
980 1709 984 1717 .

311 1755 374 1832 Qui
397 1758 494 1822 maris
516 1758 659 1841 iusidias,
682 1760 786 1822 clarae
811 1759 867 1840 qui
891 1758 996 1821 sidera
1018 1758 1121 1821 noctis

309 1862 404 1927 Norit
426 1868 458 1928 et
480 1884 497 1928 e
521 1865 639 1929 clausis
664 1885 760 1948 quem
786 1865 924 1928 destinet
947 1864 1069 1928 Aeolus
1092 1864 1192 1926 antris
1295 1897 1298 1906 ,

312 1970 468 2054 [Ventum
490 1991 547 2055 per
569 1971 674 2055 pelagi
698 1977 884 2056 spumantes
907 1973 1032 2035 mittere
1055 1969 1195 2054 fluctus]‚

313 2076 388 2141 Non
410 2083 533 2142 metuat
555 2069 609 2141 cui
632 2098 731 2163 regua
754 2080 841 2160 ratis,
865 2079 918 2141 cui
942 2077 1065 2141 tradere
1089 2078 1213 2141 caelum

309 2185 457 2249 Adsidua
478 2185 597 2269 Tiphys
620 2187 749 2249 vultum
771 2186 912 2250 lassatus
936 2185 976 2247 ab
1000 2185 1108 2249 Arcto.

270 2290 327 2354 ΠΙ.
363 2292 460 2375 Apud
484 2290 624 2355 Gellium
652 2291 690 2355 N.
713 2292 753 2354 A.
776 2290 802 2374 Ι,
835 2293 908 2374 alp
940 2291 1024 2355 ‘Non
1056 2292 1142 2355 enim
1173 2292 1297 2374 primus

181 2397 277 2460 finxit
304 2399 363 2461 hoo
394 2396 530 2461 verbum
557 2391 727 2484 (‘amaror')
755 2398 920 2483 Vergilius
952 2400 1137 2480 insolenter,
1171 2398 1228 2462 sed
1261 2399 1296 2460 in

182 2504 377 2569 carminibus
393 2504 523 2569 Lucreti
538 2507 721 2569 inventus
737 2510 794 2569 est
810 2506 865 2587 (ita
881 2507 992 2588 optimi
1008 2505 1133 2569 codices
1149 2504 1188 2567 V.
1200 2504 1236 2568 P.
1248 2503 1297 2585 R.)

182 2630 257 2674 non
292 2616 480 2695 aspamatus
515 2615 737 2677 auctoritatem
771 2619 882 2697 poetae
915 2613 1046 2696 ingenio
1081 2616 1113 2675 et
1146 2610 1297 2675 facundia

181 2718 423 2802 praecellentis,
457 2719 512 2782 ubi
544 2718 585 2781 M.
608 2719 708 2783 Hertz
732 2719 828 2782 Vind.
853 2718 931 2782 Gell.
957 2720 1043 2782 1858
1070 2740 1099 2802 p.
1125 2719 1165 2780 20
1200 2718 1297 2781 dubia

182 2826 300 2889 codicis
330 2824 513 2889 Buslidiani
544 2825 728 2909 interpolati
759 2825 822 2888 fide
854 2827 947 2889 nisus
978 2827 1117 2908 scripsit:
1153 2827 1297 2887 ‘inven-

181 2938 261 2996 tum
298 2936 368 3014 est,
409 2951 478 2996 nec
508 2936 565 2996 est
594 2931 844 3015 aspernatus,’
878 2931 1050 3015 legendum
1082 2936 1131 2996 est
1162 2932 1297 2995 servatis

182 3041 373 3122 optimorum
398 3039 542 3102 codicum
575 3030 733 3123 vestigiis}
768 3037 948 3122 ‘invent[o
980 3036 1087 3121 uslus
1117 3043 1187 3120 est,
1221 3057 1296 3100 non

181 3145 389 3229 aspernatus'
