3175 5009
832 391 874 452 46

294 576 422 660 Ecquid
445 581 592 660 agnoscis
615 580 751 643 formam
778 581 955 643 sententiae
978 578 1166 642 Tullianae?
1199 581 1253 643 “ut
1280 600 1344 642 non
1368 617 1413 626 —

294 684 461 749 moverit.'’
506 685 552 748 Ut
575 687 711 769 quisque
735 706 843 749 amore
870 687 1051 770 quempiam
1077 686 1206 769 deperit,
1231 688 1300 768 ejus
1316 689 1412 751 etiam

294 792 447 856 naevolos
470 791 631 876 saviatur].
679 792 833 857 Frontoni
855 794 889 854 in
907 792 1074 856 scribendo
1090 794 1125 855 in
1141 794 1299 857 calamum
1315 793 1413 857 flurit

295 899 473 966 conclusio,
490 898 664 979 verborum
696 898 912 981 Ciceroniana,
954 920 1051 982 quani
1090 899 1145 963 ubi
1177 901 1414 982 animadvertIt,

292 1007 360 1087 jam
393 1010 526 1069 excusat
557 1026 591 1069 se
626 1007 711 1090 apud
742 1008 978 1090 imperatorem:
1010 1006 1056 1069 ita
1079 1008 1164 1068 enim
1193 1026 1227 1071 se
1251 1006 1413 1071 Ciceronis

295 1113 505 1175 admiratione
529 1118 658 1197 captum
681 1133 760 1195 esse,
787 1118 825 1176 ut
854 1114 950 1176 etiam
978 1114 1047 1195 ejus
1077 1115 1155 1177 vitia
1178 1119 1305 1177 amaret.
1353 1113 1414 1178 Oui

295 1239 361 1282 non
384 1219 458 1282 ilico
482 1226 622 1304 apparet,
645 1221 743 1283 verba
767 1221 968 1301 ‘utquisque
991 1256 1034 1264 -
1058 1221 1210 1283 saviatur'
1234 1241 1301 1284 nou
1319 1241 1414 1305 posse

296 1345 362 1387 non
391 1345 408 1389 e
436 1327 541 1408 prisca
571 1327 735 1390 comoedia
768 1326 936 1408 desumpta
968 1327 1059 1389 esse?
1114 1326 1231 1390 Omnia
1263 1329 1349 1390 enim
1382 1334 1414 1392 et

296 1433 437 1495 maxime
467 1432 549 1494 illud
581 1432 742 1495 ‘naevolos
777 1431 942 1513 saviatur’,
974 1434 1067 1515 cujus
1104 1434 1252 1517 exempla
1283 1435 1415 1498 aliunde

295 1540 394 1622 petita
416 1538 557 1622 proferre
580 1558 716 1622 nequeo,
744 1540 891 1602 vividum
919 1539 1123 1622 hilarumque
1152 1541 1334 1604 comoediae
1358 1543 1414 1605 sti·

297 1647 366 1709 lum
390 1646 522 1727 spirant,
544 1647 581 1707 in
605 1667 669 1729 qua
692 1647 787 1709 etiam
805 1646 883 1730 ,talis
906 1646 996 1709 locus
1019 1648 1200 1710 communis
1228 1648 1415 1730 aptissimus

297 1758 372 1815 erat.
417 1751 517 1815 Porro
533 1754 762 1834 pronominum
784 1751 942 1834 ‘quisque’
963 1757 995 1815 et
1013 1754 1215 1837 ‘quempiam’
1232 1756 1415 1836 conjunctio

298 1859 536 1942 verborumque
565 1861 682 1922 ‘amore
711 1858 841 1942 deperit’
871 1860 1036 1941 usurpatio
1064 1861 1246 1925 comoediae
1274 1863 1416 1925 maxime

257 2013 260 2018 «
299 1967 417 2029 usitata
440 1972 497 2030 est.
544 1966 658 2049 Itaque
681 1967 792 2029 nullus
816 1965 937 2048 dubit0,
961 1968 1039 2048 quin
1055 1967 1134 2030 tales
1150 1987 1265 2031 versus
1281 1969 1415 2032 lateant:

429 2087 455 2124 L
482 2104 499 2124 υ
521 2118 555 2126 -
573 2105 590 2124 υ
614 2087 641 2124 -‘
664 2106 681 2125 υ
704 2120 732 2127 -
747 2078 783 2137 ut
808 2077 945 2156 quisque
969 2092 1077 2136 amore
1101 2076 1283 2157 quempiam

427 2176 560 2262 Deperit
585 2176 742 2265 [proinde]
767 2182 836 2262 ejus
860 2182 958 2243 etiam
980 2181 1122 2243 seviatur
1144 2183 1304 2245 naevolca

384 2284 474 2348 Idem
497 2286 576 2347 milii
600 2292 724 2349 constat
748 2288 786 2351 de
807 2288 867 2351 hcc
882 2287 965 2350 loco:
990 2282 1241 2379 LaudiNeglcg.
1254 2308 1338 2380 =p.
1354 2285 1414 2358 215

301 2411 332 2460 v.
357 2388 408 2462 88.
455 2391 632 2475 Postquam
656 2395 890 2478 neglegentiam
913 2393 1066 2457 laudibus
1090 2413 1146 2476 per
1164 2395 1274 2476 jocum
1303 2415 1418 2459 cumu-

298 2498 385 2580 lavIt,
419 2500 464 2562 ita
497 2501 600 2584 pergit
626 2499 758 2564 Fronto:
794 2498 926 2584 [Mallet]
960 2500 999 2562 de
1029 2499 1181 2563 Favorini
1214 2504 1315 2565 nostri
1348 2504 1417 2586 pig-

300 2605 416 2669 mentis
447 2605 516 2668 fuci
549 2609 697 2689 quisnam
729 2606 1021 2692 appingere[mus]‘l
1066 2606 1163 2671 Licet.
1194 2608 1238 2671 Ut
1269 2628 1418 2692 quaeque

301 2713 417 2775 mulier
439 2714 543 2795 magis
567 2713 647 2777 facie
670 2714 751 2778 freta
774 2720 831 2796 est,
862 2716 907 2777 ita
928 2714 1055 2777 facilius
1079 2719 1186 2777 cutem
1209 2719 1240 2777 et
1263 2716 1417 2799 capillum

301 2820 479 2903 neglegere,
513 2820 675 2903 plerisque
704 2826 815 2884 autem
848 2827 885 2885 ut
919 2840 990 2884 sese
1024 2840 1217 2904 magnopere
1251 2829 1418 2905 exornent,

301 2925 478 2989 diffidentia
516 2926 636 2991 formae
674 2928 858 3011 diligentiae
901 2927 1070 2992 illecebras
1112 2927 1242 3011 creari]⁸
1298 2929 1417 2992 Naberi

302 3034 524 3118 supplementa
547 3034 629 3115 dedi,
658 3054 740 3116 quae
764 3040 872 3099 tamen
894 3036 994 3098 latina
1018 3054 1087 3097 esse
1115 3054 1206 3118 nego.
1252 3035 1315 3099 Sed
1342 3041 1418 3099 utut

300 3143 420 3205 rectius
444 3141 658 3225 supplendum
694 3142 762 3222 erit,
797 3143 876 3224 quid
909 3143 1025 3205 sentiat
1046 3140 1165 3204 Fronto
1199 3143 1234 3204 in
1268 3149 1418 3226 promptu

302 3254 357 3312 est.
411 3247 562 3311 Declarat
594 3249 689 3325 enirn,
724 3267 758 3311 se
790 3248 951 3311 similibus
987 3248 1142 3331 exemplis
1176 3269 1314 3312 usurum
1349 3270 1418 3314 ease

303 3375 340 3418 ac
362 3354 559 3418 Favorinum
582 3345 708 3435 ἀδόξων
730 3347 924 3419 ὑποθέσεων
947 3356 1133 3440 scriptorem
1156 3355 1205 3427 tcf.
1225 3354 1304 3418 Gell.
1323 3355 1362 3418 N.
1378 3356 1417 3418 A.

302 3461 410 3544 XVII,
440 3461 505 3547 12).
552 3461 601 3525 Ne
629 3463 716 3525 enim
744 3481 786 3525 ex
820 3463 922 3546 ipsius
950 3460 1101 3524 Favorini
1130 3461 1217 3524 ludis
1252 3464 1419 3544 sequentia

304 3574 432 3652 sumpta
456 3588 526 3632 esse
550 3571 698 3653 opineris,
720 3570 862 3652 primum
884 3589 951 3632 non
974 3568 1125 3631 credibile
1145 3572 1201 3650 est,
1224 3567 1418 3633 Frontonem

303 3678 389 3740 inter
412 3696 531 3759 paucos
556 3696 614 3740 sua
636 3677 739 3759 ipsius
763 3676 971 3739 admiratIcne
995 3680 1124 3759 captum
1148 3676 1292 3758 aequalis
1322 3676 1419 3739 verba

303 3788 487 3846 mutuatum
523 3802 609 3865 esse,
650 3802 724 3845 cum
759 3785 948 3866 praesertim
984 3783 1111 3845 disertis
1146 3781 1253 3845 verbis
1287 3788 1420 3847 testetur

303 3910 332 3973 p.
358 3890 419 3951 211
445 3910 475 3952 v.
501 3890 519 3951 6
544 3890 682 3953 ‘nullum
704 3890 929 3967 hujuscemodi
958 3890 1113 3972 scriptum
1136 3887 1281 3952 Romana
1307 3891 1420 3974 lingua

305 4001 429 4060 exstare
453 3998 530 4060 satia
553 3996 681 4061 nobile!
727 3997 896 4061 Praeterea
919 3998 1087 4080 sequentia
1114 4017 1143 4079 p.
1173 3996 1236 4057 216
1265 4017 1294 4059 v.
1326 3997 1420 4079 1-5,

307 4122 390 4185 quae
413 4104 524 4166 itidem
549 4104 691 4167 oratione
715 4102 846 4187 obliqua
868 4106 971 4186 posita
994 4107 1081 4184 sunt,
1108 4107 1174 4165 tam
1197 4104 1314 4167 similia
1343 4109 1420 4168 sunt

306 4227 427 4290 eornm,
461 4230 545 4291 quae
567 4209 685 4274 Fronto
709 4210 762 4272 Ad
785 4209 827 4272 M.
852 4208 939 4273 Gaea.
963 4210 988 4291 I,
1023 4211 1042 4271 3
1066 4242 1108 4263 =
1130 4231 1159 4293 p.
1185 4210 1202 4272 7
1231 4231 1260 4271 r.
1290 4212 1419 4273 16-20

307 4315 397 4398 dixit,
432 4321 469 4379 ut
490 4318 595 4400 ipsius
618 4317 790 4381 Frontonis
822 4318 950 4400 propria
981 4336 1051 4380 esse
1085 4324 1277 4400 arguantur3
1310 4321 1420 4401 itaque
