3175 5009
723 381 763 442 27

187 587 258 634 sere
280 568 386 632 lacera
409 573 486 633 sunt
509 570 687 652 sequentia,
713 590 731 634 e
754 569 873 653 quibus
901 570 1000 634 verba
1027 570 1226 635 emendanda
1249 570 1302 634 dc·

188 676 385 759 sumpsimus
413 680 445 739 et
477 676 635 740 audacius
668 676 803 742 fortasse
837 677 999 742 videbitur
1030 679 1066 740 in
1101 678 1146 741 eis
1182 677 1304 759 aliquid

189 782 346 865 corrigere
381 781 472 846 velle.
519 782 582 846 Sed
616 783 772 848 faciamus
806 784 985 868 perieulum
1016 786 1049 847 in
1086 805 1218 869 corpore
1248 785 1305 847 vili

188 889 475 971 emendemusque:
510 890 644 954 ‘homini
678 893 747 955 seni
782 891 943 975 quidquid
966 893 1095 956 interim
1125 890 1180 972 fit‚'
1209 892 1305 972 juxta

187 997 392 1060 interitum
415 995 460 1077 fit,
491 1000 528 1060 ut
561 995 755 1062 Frontonem
779 998 811 1062 h.
827 999 858 1082 l,
889 1003 926 1062 ut
960 999 1099 1081 saepius,
1132 997 1305 1062 verborum

187 1104 265 1167 lusu
289 1123 386 1167 usum
410 1123 480 1168 esse
501 1100 699 1189 putemusffl)
723 1105 762 1169 of.
785 1104 858 1168 Tac.
874 1104 956 1170 Dial.
977 1107 1019 1168 22
1043 1106 1133 1188 ‘quas
1158 1105 1214 1186 (sc.
1234 1123 1304 1167 ora-

186 1211 303 1292 tiones)
338 1211 446 1274 senior
471 1213 539 1294 jam
573 1216 604 1276 et
633 1211 730 1294 juxta
762 1211 858 1293 finem
891 1214 977 1276 vitae
1011 1211 1210 1295 composuit'.
1255 1209 1305 1274 De

188 1316 299 1399 ‘juxta’
322 1320 565 1401 praepositionis
588 1320 621 1382 vi
640 1319 808 1403 temporali
831 1320 868 1383 cf.
892 1319 990 1383 Hand
1013 1318 1145 1383 Tursell.
1164 1318 1224 1401 ΠΙ,
1241 1319 1304 1381 538

188 1421 243 1487 Nr.
270 1425 299 1488 3.

279 1526 327 1602 De
350 1527 399 1602 fer
417 1527 496 1603 Alfi.
519 1527 573 1602 ῙΠ
587 1556 628 1593 -·-·
643 1553 676 1626 p.
699 1531 765 1604 224
786 1554 818 1604 v.
841 1530 889 1604 13.
936 1533 1012 1597 ‘Nec
1036 1532 1147 1596 dubito
1171 1531 1250 1615 quin
1271 1579 1278 1592 .
1298 1578 1305 1591 .

191 1638 318 1701 aethere
341 1639 514 1722 tranquillo
537 1640 572 1702 iu
595 1641 712 1704 altum
736 1641 988 1725 portisculorum
1011 1644 1042 1704 et
1056 1640 1217 1723 remigum
1233 1639 1306 1701 visu

190 1818 402 1826 ffi—

282 1921 327 1991 ot)
350 1922 383 1975 cf.
407 1938 433 1989 p.
457 1919 517 1988 42,1
547 1922 673 1989 protelari
698 1925 830 1980 conviciis
851 1925 933 1980 talem
956 1935 1032 1979 a'me
1055 1924 1166 1977 virum
1189 1937 1243 1974 non
1266 1921 1308 1973 est

193 2025 316 2062 verum.
353 2028 378 2078 p.
399 2011 460 2078 33,5
485 2012 593 2078 paratus
617 2027 685 2080 sum,
715 2014 779 2065 dum
798 2015 859 2068 ante
877 2013 990 2082 plures
1018 2013 1092 2066 dies
1119 2011 1228 2080 ejurem,
1259 2024 1307 2077 per

190 2097 306 2165 plures
326 2099 404 2153 deos
426 2099 524 2168 jurare.
562 2099 659 2167 2ot‚20
682 2102 755 2155 haud
778 2103 896 2171 ignarus,
922 2102 1001 2156 fortia
1019 2101 1138 2156 facinora
1155 2099 1307 2153 viventium

191 2187 379 2255 gravatim,
399 2190 565 2243 mortuorum
584 2190 714 2258 gratius
732 2191 827 2260 accipi.
850 2192 928 2260 214,5
947 2191 994 2259 qui
1022 2190 1104 2243 nimis
1116 2189 1197 2243 anxie
1216 2187 1309 2241 munia

192 2275 384 2329 conficiunt
401 2294 496 2346 pamm
520 2278 656 2332 amicitiae
675 2279 900 2350 confiduntff).
919 2280 995 2348 2253
1008 2282 1038 2333 tu
1050 2295 1178 2347 umquam
1189 2276 1307 2344 volup?

193 2363 321 2433 volpem
354 2367 461 2421 facilius
487 2367 547 2436 quis
574 2368 624 2422 tibi
642 2384 722 2437 quam
750 2367 957 2437 voluptatem
987 2366 1179 2423 conciliaverit.
1230 2366 1309 2435 53,st

194 2467 280 2521 neque
304 2471 456 2524 umquam
482 2457 617 2512 auditores
645 2457 791 2510 discessere
815 2457 972 2526 lacerati,
995 2458 1042 2511 sed
1065 2470 1309 2523 nonnumquam

194 2540 358 2599 lacessiti.
399 2545 460 2615 86,3
485 2548 540 2601 tam
563 2546 656 2600 suavis
679 2548 786 2614 tamque
814 2547 926 2602 saviata.
962 2546 1042 2617 87,12
1066 2547 1093 2599 et
1118 2544 1234 2598 ornata
1258 2541 1309 2595 ruit

194 2632 221 2683 et
243 2634 430 2705 cordata(?).
473 2635 551 2706 185‚5
581 2635 700 2688 Veneti
728 2636 775 2704 (so.
801 2635 869 2706 agri)
897 2636 989 2704 fatum,
1022 2636 1053 2688 ut
1076 2650 1223 2702 numquam
1252 2649 1308 2685 ve·

195 2720 315 2790 aierit,
338 2726 460 2778 veneat
481 2740 593 2793 semper.
643 2724 740 2793 233,12
767 2741 855 2793 neque
881 2740 1027 2778 mensum
1051 2739 1138 2792 neque
1163 2737 1309 2790 pensum.

197 2809 279 2868 Aliud
308 2828 393 2880 genus
419 2814 463 2867 his
491 2813 622 2881 exemplis
645 2815 759 2867 constat:
788 2813 831 2879 7,9
864 2813 953 2881 grati
979 2813 1080 2881 pariter
1106 2813 1134 2865 et
1160 2810 1309 2879 gratuiti.

197 2900 258 2968 7,12
291 2904 318 2954 et
344 2902 437 2971 jugis
470 2905 512 2956 est
538 2904 566 2955 et
593 2903 772 2971 jucundus.
815 2903 911 2970 reolo
943 2902 1009 2956 oris
1036 2903 1115 2969 atque
1143 2900 1310 2955 oratioms

197 2993 267 3045 tuae.
297 2991 393 3062 220‚15
420 3008 474 3045 non
507 2991 597 3044 nunus
625 2992 774 3046 cadendo
802 3008 882 3060 quam
916 2990 1093 3046 caedendo.
1141 2990 1236 3056 233,15
1264 3003 1312 3056 pro

194 3080 350 3134 adversis
378 3097 585 3136 aversamur.
621 3080 831 3150 Nonnumquam
858 3080 965 3135 diversa
991 3080 1136 3135 eorundem
1168 3077 1311 3130 verborum

194 3168 388 3237 significatione
405 3171 486 3223 ludit:
511 3171 543 3225 cf.
562 3187 588 3238 p.
608 3169 704 3238 227,l3
729 3170 758 3225 si
785 3170 938 3238 quempiam
957 3170 1118 3224 condemnas
1143 3168 1246 3235 ‘parum
1265 3182 1310 3219 ca-

195 3256 267 3311 visse
296 3259 448 3314 videtur'
476 3260 524 3315 ais.
572 3260 647 3313 Istue
675 3258 783 3330 quidem
811 3259 835 3312 si
862 3259 987 3313 lucernae
1015 3259 1213 3322 removeantur,
1241 3253 1312 3307 nihil

194 3346 307 3400 videri
325 3351 429 3417 poterit’
456 3380 490 3388 —
509 3348 577 3403 Cum
595 3347 678 3401 Veri
697 3347 804 3400 nomine
822 3346 892 3401 ludit
910 3365 935 3415 p.
955 3346 1050 3414 122,18
1073 3347 1098 3399 si
1123 3361 1236 3399 verum
1259 3344 1310 3397 im·

194 3438 342 3501 peratorem
365 3438 502 3507 quaeritis.
547 3437 624 3505 137,4
647 3436 680 3490 ab
709 3451 762 3489 uno
789 3436 817 3488 et
839 3451 918 3489 vero
944 3435 1073 3504 principe.
1107 3465 1140 3473 -
1172 3433 1312 3488 Prioribus

194 3525 305 3579 fortasse
333 3527 485 3581 addendum
513 3524 565 3578 erit
591 3541 619 3593 p.
639 3524 699 3590 132,
720 3524 753 3579 19
781 3541 869 3593 neque
897 3524 1031 3578 invitus
1059 3527 1190 3593 quantum
1218 3522 1311 3577 vitae

89 3665 92 3672 ,
195 3612 302 3667 dabitur
320 3617 445 3671 vivam.
478 3667 484 3675 ,

283 3703 321 3758 M.
339 3705 444 3759 Aurelii
468 3706 535 3759 haec
554 3706 628 3757 sunt:
651 3721 677 3772 p.
697 3704 756 3771 36,1
781 3703 935 3771 palantes
960 3703 1189 3770 balantesque.
1233 3700 1311 3767 67,17

194 3792 352 3847 rancidos
379 3810 524 3848 racemos
551 3797 579 3847 et
604 3793 718 3847 acidos
747 3792 867 3846 acinos
890 3793 951 3860 [hoc
969 3795 1025 3845 tam
1043 3792 1143 3846 bonum
1161 3792 1210 3856 est,
1229 3791 1260 3841 ut
1277 3804 1312 3841 ex

195 3878 286 3948 aliqua
304 3884 441 3938 comoedia
459 3884 585 3938 haustum
603 3882 713 3950 putem].
740 3881 820 3947 29,50
844 3880 868 3933 si
891 3880 925 3934 ad
949 3878 1055 3948 singula
1080 3878 1195 3946 capita
1213 3878 1313 3945 caput

195 3972 272 4023 tuum
289 3971 392 4026 basiare
411 3988 524 4044 possem.
552 3970 612 4039 93,8
640 3967 781 4024 valeant
814 3984 907 4022 omnes
924 3968 1004 4023 Porci
1028 3970 1055 4021 et
1072 3966 1153 4022 Tullii
1171 3967 1198 4019 ct
1216 3964 1312 4033 Crispi,

198 4058 261 4111 dum
295 4061 325 4113 tu
352 4060 465 4115 valeas
497 4061 540 4132 (cf.
568 4077 594 4129 p.
613 4059 674 4129 4,17
708 4075 770 4112 cum
797 4057 974 4113 Rlussmanui
1001 4057 1070 4112 bona
1095 4053 1314 4123 interpretatione

196 4146 355 4217 l.c.p.13
382 4166 475 4204 versus
501 4148 601 4219 finem).
648 4148 725 4217 56‚1?
757 4163 839 4217 quom
873 4149 904 4201 tu
930 4146 1012 4200 bene
1039 4144 1159 4213 stabis,
1186 4144 1214 4197 et
1237 4158 1317 4198 meus

195 4237 302 4292 animus
319 4238 399 4292 bene
418 4238 595 4294 constabit.

285 4326 353 4382 Pars
371 4344 385 4382 e
404 4328 493 4397 prisca
511 4327 648 4383 comoedia
668 4327 765 4384 hausta
781 4326 899 4382 videtur.
