3175 5009
740 1502 785 1578 I.

439 1677 746 1795 lnentotioneo
774 1678 1086 1795 Frontonianae.

665 1971 867 1993 --·-·⁴··—-··

295 2182 417 2263 ‘Etiam
443 2201 616 2264 lamminae
644 2199 807 2262 interdum
831 2199 1027 2283 argentiolac
1055 2199 1170 2262 cloacis
1197 2203 1323 2266 inveni-

99 2313 101 2322 ’
211 2311 321 2386 untur,
352 2326 430 2370 eane
453 2326 488 2370 re
512 2308 636 2370 cloacas
659 2307 845 2389 purgandas
867 2305 1095 2369 redimemusi'
1140 2305 1201 2369 His
1225 2306 1324 2370 Fron-

208 2415 293 2476 tonis
313 2411 448 2495 verbisl)
472 2432 585 2476 vereor
607 2432 649 2476 ne
671 2414 776 2495 multi,
799 2412 855 2475 ubi
870 2414 906 2474 in
922 2413 1019 2494 hujus
1035 2413 1137 2496 ipsius
1152 2412 1324 2477 Frontonis

209 2523 346 2603 ejusque
381 2520 613 2603 discipulorum
649 2521 894 2603 amicorumque
929 2520 1074 2602 epistulis
1109 2538 1238 2603 operam
1273 2539 1325 2584 me

210 2628 380 2690 collocasse
403 2627 552 2708 viderint,
575 2646 655 2689 naso
681 2627 871 2709 suspensuri
894 2626 968 2707 sint,
992 2626 1079 2707 quod
1102 2630 1167 2688 tam
1182 2629 1324 2710 ineptam

210 2739 339 2815 tamque
361 2734 520 2817 pessimae
543 2737 637 2796 notae
660 2734 827 2796 materiem
850 2733 1055 2817 potissimum
1071 2733 1151 2795 mihi
1166 2734 1325 2817 elegerim.

211 2838 330 2904 Omnes
355 2843 450 2922 enim,
479 2842 537 2922 qui
564 2841 616 2903 vel
642 2839 802 2902 brevicnli
829 2840 980 2921 temperis
1009 2839 1153 2902 studium
1180 2841 1325 2923 epistulis

211 2946 436 3010 Frontonianis
459 2948 714 3030 impertiverunt,
741 2949 868 3027 praeter
891 2964 994 3007 ornnem
1017 2944 1181 3028 Angelum
1204 2946 1328 3029 Majum.

211 3054 322 3135 nimie,
357 3055 412 3117 sed
448 3054 536 3133 quod
566 3053 692 3135 ignosci
729 3052 831 3134 possit
868 3053 1046 3114 inventoris
1081 3072 1156 3136 erga
1193 3055 1326 3118 inventa

212 3178 320 3223 amore
342 3161 536 3243 perductum
560 3165 592 3223 et
615 3158 779 3242 quendam
801 3157 953 3221 imbecilli
977 3158 1094 3239 judicii
1116 3161 1223 3222 virum
1252 3161 1326 3224 dcc-

212 3263 323 3350 tumn,
356 3267 412 3348 qui
439 3268 475 3329 in
501 3266 609 3329 libello
638 3266 677 3328 de
705 3264 875 3328 Frontonis
904 3266 1053 3348 reliquiis
1087 3267 1204 3350 scripto
1237 3267 1327 3331 futti-

211 3371 342 3434 lissimis
365 3371 545 3434 rationibus
569 3373 717 3435 evincere
741 3371 858 3452 studet,
881 3370 1083 3435 ‘Frontonem
1108 3373 1237 3455 quidem
1261 3395 1327 3437 nen

210 3478 305 3560 plane
329 3479 564 3561 claritudinem,
589 3499 652 3561 qua
673 3480 763 3562 prius
786 3477 940 3560 floruerit,
962 3479 1064 3541 multo
1088 3483 1195 3542 tamen
1218 3481 1328 3544 minus

213 3583 415 3667 oblivionem,
443 3605 510 3668 qua
543 3586 642 3669 vulgo
677 3585 812 3666 sordeat,
846 3590 962 3648 mereri
996 3589 1029 3648 et
1062 3588 1193 3649 omnino
1226 3587 1329 3651 fnisse

212 3692 319 3753 virum
354 3692 510 3774 optimum
546 3692 673 3756 dicendi
705 3692 799 3775 longe
829 3710 895 3753 non
924 3692 1122 3774 imperitum'
1150 3712 1328 3756 -omnes

213 3798 312 3880 igitur
334 3803 460 3881 praeter
481 3799 539 3861 hes
563 3797 673 3861 ambos
696 3800 731 3860 in
755 3817 792 3870 eo
816 3798 1031 3879 consentiunt,
1059 3799 1139 3861 nihil
1166 3800 1217 3862 his
1244 3800 1328 3883 frag·

213 3905 330 3967 mentis
353 3905 494 3987 ineptius
517 3905 649 3988 cogitari
671 3923 774 3987 posse.
819 3904 938 3967 'lamen
962 3906 990 3967 si
1014 3923 1085 3967 eam
1106 3909 1228 3969 tantum
1245 3905 1329 3969 litte-

305 4152 331 4220 1)
353 4152 396 4205 Ad
419 4151 455 4204 M.
474 4152 573 4204 Antcn.
603 4150 643 4203 De
662 4149 801 4204 orationib.
830 4167 855 4217 p.
876 4151 926 4205 157
945 4168 972 4205 n.
991 4152 1007 4204 1
1026 4167 1065 4218 sq.
1097 4150 1194 4205 Naber.
1218 4150 1330 4220 Semper

214 4239 388 4294 novissimam
408 4241 554 4294 editionem
573 4256 589 4294 a
606 4239 713 4294 Nubere
732 4240 852 4292 curatam
871 4239 1020 4293 citabimus.

305 4363 645 4436 2)Philibe1t-ScupeDe
666 4362 804 4417 Frontonis
823 4362 945 4430 reliquiis
966 4363 1090 4417 Ambiani
1109 4364 1178 4419 1853
1197 4382 1222 4433 p.
1243 4367 1302 4421 125.

1115 4467 1130 4519 1
