3175 5009
716 375 759 440 49

177 566 227 631 Ne
250 567 329 631 luna
352 566 482 648 occidat,
513 586 555 630 ne
586 570 706 631 ventus
738 568 905 632 lucernam
936 568 1116 649 interemat,
1151 585 1193 630 ne
1224 567 1304 651 quid

179 673 241 735 tibi
272 675 327 755 (ita
357 670 478 753 Majus3
516 673 584 736 cod.
618 675 697 758 quid
728 674 785 756 ibi)
817 693 834 737 e
863 674 982 757 frigore
1015 674 1208 756 impliciscat
1242 671 1302 758 (ta

182 778 330 859 Mueller3
364 780 431 843 cod.
454 779 672 866 impliciscar),
703 801 745 844 ne
767 780 896 863 fluetus,
928 800 970 844 ne
993 782 1105 862 vadus,
1137 800 1178 844 ne
1206 782 1303 864 piscis

184 887 291 969 aliqua
319 886 481 969 (Mueller3
519 888 587 952 cod.
617 889 736 972 aliquo)
771 890 889 952 noxsit.
942 887 1031 952 Haec
1065 889 1165 951 oratio
1194 907 1303 951 aman-

183 992 270 1056 tibus
301 995 434 1074 (amanti
466 994 539 1078 plus
562 994 852 1079 MadvigAdvers.
877 996 945 1058 crit.
968 994 1154 1078 Hp-613)
1188 995 1304 1078 decuit,

183 1105 214 1163 et
236 1100 349 1162 melior
373 1105 405 1164 et
428 1101 587 1164 salubrior
609 1102 679 1183 fuit,
702 1122 768 1165 non
792 1103 897 1166 alieno
920 1103 1048 1185 capitali
1068 1102 1213 1187 periculo
1237 1121 1304 1165 sec-

182 1208 244 1269 tari
267 1207 441 1290 voluptatis
464 1228 599 1271 usuram
622 1208 753 1273 brevem
782 1229 819 1272 ac
843 1207 1089 1293 paenitendum}
1136 1207 1169 1271 O.
1194 1207 1227 1271 F.
1251 1206 1302 1270 W.

183 1312 321 1377 Mueller
343 1334 400 1397 pro
425 1314 532 1378 verbis
556 1319 597 1379 ‘te
621 1316 660 1378 ad
684 1316 744 1379 hoc
760 1316 876 1380 noctis'
899 1315 984 1399 'quae
1000 1320 1131 1401 propter
1145 1334 1304 1399 gramma-

183 1422 267 1484 ticae
290 1420 420 1504 regulas
452 1421 529 1485 ferri
561 1428 738 1505 nequeunt,
770 1423 885 1486 collato
910 1423 1113 1486 Curculionis
1135 1417 1305 1500 Plautinae

185 1524 318 1609 initi087)
342 1529 460 1610 optime
476 1547 548 1592 meo
573 1530 705 1612 quidem
725 1530 849 1611 judicio
866 1531 1001 1611 conjecit
1022 1530 1084 1592 ‘ted
1104 1529 1165 1593 hoc
1183 1528 1305 1592 noctis'.

185 1632 267 1697 Nam
292 1654 365 1697 cum
398 1634 571 1698 lenissimis
605 1635 801 1718 quibusdam
824 1636 1059 1699 mutationibus
1079 1635 1212 1717 jambici
1236 1655 1307 1719 sep-

186 1741 301 1804 tenarii
325 1741 508 1823 eraderent,
540 1742 618 1805 baec
651 1741 750 1805 verba
780 1744 867 1806 inter
899 1743 1081 1826 tragoediae
1113 1741 1235 1805 frustra
1257 1761 1307 1806 re-

187 1848 335 1930 cipienda
368 1866 447 1911 esse.
498 1847 613 1931 Neque
643 1853 752 1912 tamen
784 1851 852 1932 ipse
883 1869 999 1913 versus
1021 1849 1187 1938 formavit.
1244 1847 1307 1911 Ob-

187 1955 314 2018 locutus
347 1960 396 2018 est
428 1953 502 2017 Otto
532 1954 677 2019 Ribbeck
709 1958 744 2019 in
775 1957 941 2020 corollario
973 1957 1168 2039 tragicorum
1191 1953 1308 2018 Roma-

188 2079 304 2123 norum
327 2060 580 2144 fragmentorum
603 2062 734 2126 editioni
758 2063 851 2126 alteri
871 2064 1046 2146 praemisso
1069 2083 1098 2145 p.
1117 2060 1226 2125 LXX:
1252 2081 1308 2125 ex-

188 2169 307 2250 pressis
342 2168 427 2229 enim
468 2167 574 2231 verbis
610 2171 721 2232 testari
754 2168 965 2250 Frontonem,
997 2169 1094 2233 talem
1129 2170 1165 2230 in
1199 2168 1309 2231 fabula

189 2275 367 2336 orationem
397 2294 462 2337 non
495 2274 638 2338 habitam
669 2295 747 2340 esse.
805 2275 846 2339 ut
876 2295 917 2339 ue
948 2274 1141 2339 Muellerum
1178 2274 1309 2357 quidem

191 2398 245 2442 eas
278 2381 471 2444 mutationes
502 2381 670 2463 iudicasse,
704 2381 823 2464 quibus
855 2381 947 2446 factis
978 2381 1107 2445 iambici
1135 2381 1309 2463 septenarii

190 2488 266 2555 (non
289 2487 335 2549 illi
360 2487 492 2570 quidem
524 2489 727 2552 usitatissimi
749 2490 783 2550 in
808 2488 985 2572 tragoedia)
1010 2489 1191 2552 evaderent.
1240 2485 1310 2561 Qua

188 2594 220 2655 in
245 2613 281 2656 re
305 2612 370 2656 non
394 2599 480 2657 recto
500 2595 624 2676 judicio
653 2615 734 2659 usus
763 2613 833 2658 esse
857 2595 984 2657 videtur
1007 2595 1057 2656 vir
1080 2595 1201 2657 doetus.
1247 2592 1308 2657 Sed

188 2701 330 2783 primum
368 2699 407 2761 de
443 2699 593 2763 Muelleri
630 2703 788 2764 sententia
820 2701 998 2765 videamus.
1053 2700 1161 2764 Verba
1192 2700 1310 2783 ‘potius

189 2827 288 2890 quam
311 2842 355 2850 -
378 2805 497 2868 noxsit’
522 2806 549 2869 si
572 2808 823 2884 consideramus
858 2809 1028 2892 septenarii
1058 2808 1187 2890 quidem
1210 2825 1305 2889 aegre

189 2933 230 2977 ex
254 2914 299 2975 eis
323 2910 516 2992 cfficiuntur,
547 2912 603 2976 sed
636 2933 672 2976 eo
704 2915 831 2978 facilius
862 2915 982 2978 senarii
1005 2914 1151 2996 jambici:
1187 2912 1304 2976 vocula

189 3020 274 3082 eninr
297 3017 359 3081 ‘ne'
384 3019 482 3081 semel
506 3020 645 3101 trajecta,
670 3022 768 3085 semel
792 3022 911 3085 omissa
932 3022 991 3084 hos
1015 3020 1113 3083 habes
1136 3039 1265 3082 versus:

349 3147 475 3207 tantum
499 3143 651 3226 profundi
673 3147 783 3228 patiar.
829 3145 879 3209 Ne
901 3146 979 3208 luna
1002 3145 1134 3226 occidat,

349 3255 467 3313 ventris
489 3248 657 3313 lucernam
680 3273 721 3315 ne
743 3256 924 3333 interemat,
948 3270 989 3314 ne
1013 3252 1093 3334 quid
1116 3249 1175 3312 tibi

350 3377 367 3421 e
390 3358 508 3441 frigore
530 3357 729 3440 impliciscat,
753 3377 793 3421 ne
816 3357 946 3439 fluctus,
970 3358 1084 3436 vadus

350 3484 391 3528 ne
413 3465 512 3548 piscis
535 3463 644 3546 aliqua
666 3466 777 3527 nbxsit
799 3503 843 3510 -
862 3497 880 3518 υ
903 3502 944 3510 —
965 3497 982 3517 ν
1006 3502 1055 3529 -.

192 3588 326 3672 Singula
354 3588 451 3652 verba
478 3587 661 3669 considera,
688 3608 798 3652 nonne
821 3609 838 3652 e
860 3589 964 3653 forma
981 3587 1110 3652 ‘noxsit'
1134 3588 1226 3669 cujus
1250 3606 1305 3650 ex-

191 3697 333 3780 emplum
367 3695 452 3780 apud
475 3693 670 3758 frontonem
697 3715 763 3759 non
791 3697 971 3776 invonitur,
1000 3716 1018 3760 e
1040 3694 1149 3759 verbis
1172 3696 1305 3757 ‘tantrun

278 3962 324 4032 87)
345 3962 422 4017 Cure.
440 3960 462 4030 Ι,
481 3961 537 4028 1,1;
569 3958 627 4026 Quo
654 3960 699 4013 ted
717 3959 768 4013 hoc
786 3961 874 4014 noctis
901 3960 987 4014 dicam
1007 3959 1141 4029 proficisci
1159 3960 1229 4013 foras
1248 3957 1306 4027 sn?

191 4050 315 4106 Ceterum
339 4048 465 4105 Muelleri
488 4048 571 4102 verba
594 4050 702 4118 propter
725 4048 765 4101 roi
793 4048 951 4118 gravitatem
970 4049 1133 4103 adscribam:
1163 4047 1212 4101 lch
1238 4047 1307 4101 habe

191 4140 265 4194 diese
283 4140 365 4195 Stella
388 4140 536 4209 vergebens
559 4140 589 4193 in
608 4140 659 4193 den
684 4135 976 4206 Tragikerfragmenten
999 4138 1120 4206 gesucht,
1149 4135 1240 4189 wollin
1268 4134 1307 4189 sie

193 4229 261 4282 doch
279 4230 330 4284 wol
347 4228 490 4299 jedenialls
508 4228 613 4298 gehbrt.
651 4227 702 4280 mit
727 4242 794 4295 ganz
819 4226 1022 4296 geringfiigigen
1041 4226 1238 4293 Aenderungen
1265 4240 1307 4277 er-

193 4318 277 4386 geben
297 4318 355 4372 sich
371 4318 521 4389 jambische
540 4316 693 4385 Septenare.
731 4315 805 4371 Haec
824 4315 923 4384 omnia,
940 4314 1010 4368 nihil
1028 4313 1152 4384 amplius

1095 4416 1113 4467 4
