3175 5009
731 384 773 445 29

192 581 230 638 ut
254 576 398 659 singulos
421 574 508 636 loeus
532 572 643 635 afferre
676 573 807 654 possim,
840 576 1005 655 poetarum
1040 576 1166 634 tumore
1201 572 1311 651 utitur,

193 687 224 746 et
246 684 316 766 ipsa
337 682 417 745 haee
440 679 538 743 verba
562 698 603 741 ex
627 678 736 760 alique
759 684 853 761 poeta
877 683 1043 741 mutuatus
1067 697 1137 741 esse
1152 674 1309 760 petestssl)

281 784 363 881 Epp.
377 784 430 859 Gr.
446 781 496 857 VI
506 816 548 837 =
559 805 591 877 p.
607 781 670 855 253
682 805 713 854 v.
727 782 757 854 6.
782 785 853 849 ‘Sed
865 804 917 848 me
936 783 1082 847 Caesaris
1094 787 1194 848 oratio
1215 787 1310 848 unsis

195 889 359 979 'unguibus
384 895 502 957 attinet.
548 891 644 955 Nune
669 892 798 955 demum
822 892 925 970 viden,
949 896 1107 973 qnantum
1135 893 1240 975 operis
1268 894 1310 954 sit
1345 891 1348 896 ’

195 1007 304 1065 ternos
327 1002 379 1064 vel
408 1002 523 1083 quinos
556 1018 669 1062 versus
701 1000 735 1061 in
768 999 819 1061 die
849 996 1016 1078 1011101063)
1049 1004 1084 1069 et
1106 994 1231 1091 aliquid
1254 1000 1310 1061 diu

193 1107 352 1191 seribere]⁸
397 1106 536 1169 Difficile
552 1111 601 1168 est
617 1106 729 1189 dieere,
746 1106 907 1188 quomedo
925 1104 1070 1169 Caesaris
1090 1108 1190 1169 oratio
1211 1126 1309 1168 eausa

193 1234 264 1278 esse
276 1217 423 1298 potuerit,
435 1219 473 1276 ut
484 1212 526 1275 M.
539 1212 694 1276 Aurelius
707 1214 848 1288 sentiret,
869 1233 966 1295 squam
987 1212 1117 1275 difficile
1133 1218 1164 1275 et
1180 1212 1308 1275 sudoris

191 1322 325 1404 plenum
349 1328 433 1385 esset
456 1322 589 1385 adsidue
613 1319 721 1382 labere
744 1321 779 1381 in
804 1319 856 1381 die
878 1325 986 1383 tamen
1009 1321 1176 1382 minimam
1206 1320 1308 1401 operis

194 1435 317 1511 partem
347 1428 512 1512 perpolire·
564 1426 710 1489 Fuerunt
749 1425 885 1489 fortasse
922 1432 1081 1509 excerpta,
1120 1425 1158 1488 de
1188 1424 1308 1508 quibus

194 1537 322 1618 saepius
346 1538 380 1597 in
402 1536 453 1598 bis
478 1534 623 1617 epistulis
647 1551 752 1595 sermo
775 1529 862 1612 fitssfl),
885 1533 1040 1610 ferienda,
1065 1535 1115 1597 vel
1144 1538 1245 1599 oratio
1273 1538 1307 1597 in

192 1641 344 1705 Graecam
360 1643 505 1725 linguam
522 1640 686 1720 vertenda,
709 1626 759 1702 vel
779 1639 883 1701 simile
908 1640 993 1721 quid.
1041 1640 1111 1704 Sed.
1128 1647 1201 1704 utut
1230 1643 1309 1705 haee

191 1767 242 1812 res
269 1768 303 1811 se
330 1748 432 1829 babet,
462 1748 543 1811 nihil
566 1748 642 1809 feeit
673 1747 713 1808 ad
736 1748 862 1823 vitium,
897 1746 984 1827 quod
1016 1748 1100 1811 inest
1132 1750 1165 1810 in
1202 1750 1308 1813 verbis

192 1858 234 1919 ‘et
264 1856 388 1938 aliquid
413 1855 467 1918 diu
492 1853 640 1918 seribere'
665 1854 855 1916 sanandum.
900 1852 1031 1915 Nemini
1055 1856 1140 1916 euim
1164 1858 1227 1918 uisi
1257 1857 1313 1939 qui

191 1962 350 2026 scribendi
374 1964 451 2025 artis
474 1981 590 2046 expers
614 1965 670 2041 est,
693 1960 822 2023 difficile
845 1979 915 2023 esse
937 1964 1051 2042 potest,
1074 1957 1199 2053 aliquid
1230 1964 1307 2026 seri-

194 2069 280 2148 bere3
305 2070 362 2132 sed
386 2069 621 2149 difficillimum,
644 2067 706 2129 tale
731 2067 808 2149 quid
825 2066 973 2148 seribere,
991 2068 1025 2129 in
1042 2088 1106 2149 que
1126 2074 1235 2133 ternos
1256 2070 1308 2138 vel

193 2178 308 2258 quinos
332 2195 446 2238 versus
469 2176 503 2237 in
527 2175 578 2237 die
600 2179 713 2237 tornet.
762 2173 887 2254 Itaque,
914 2176 1039 2237 etiamsi
1063 2174 1161 2237 verba
1188 2177 1303 2239 ‘nune-

176 2281 339 2353 ¹seribere’
365 2282 432 2344 sela
454 2301 510 2364 pre
533 2280 710 2363 fragmento
743 2280 837 2344 nobis
861 2281 977 2344 tradita
1000 2288 1116 2364 essent,
1150 2302 1216 2346 nen
1245 2284 1303 2346 du-

193 2389 328 2451 bitarem
361 2388 545 2452 emendare:
583 2386 688 2451 ‘Nune
712 2387 852 2470 denique
879 2390 982 2451 sentio
1011 2394 1169 2471 quantum
1203 2390 1308 2472 operis

192 2497 242 2578 sit,
265 2501 373 2559 temes
396 2495 448 2557 vel
472 2495 587 2576 quinus
611 2480 726 2558 versus
748 2496 783 2557 iu
811 2494 862 2557 die
885 2500 1011 2558 tornare
1042 2501 1074 2558 et
1104 2497 1179 2559 tale
1213 2496 1308 2578 quid

193 2604 250 2666 diu
272 2603 419 2666 seribere.

280 2705 354 2781 Ibid
371 2730 402 2802 p.
418 2705 481 2779 253
503 2729 533 2778 v.
553 2706 598 2778 U.
645 2708 781 2773 Absenti
805 2710 958 2792 magistro
982 2710 1159 2793 discipulus
1183 2708 1306 2773 scribit:

194 2817 247 2879 ‘At
269 2818 349 2879 mihi
372 2836 457 2879 annu
480 2816 586 2899 priore
609 2815 737 2879 datum
760 2815 830 2895 fuit,
863 2817 924 2878 boe
954 2817 1066 2879 eodem
1090 2805 1158 2879 lbeo
1182 2817 1308 2879 eodem-

192 2944 255 3006 que
285 2929 427 3006 tempere
459 2922 571 2984 matris
606 2922 763 2986 desiderio
795 2925 913 3005 peruri.
959 2924 997 2986 Id
1030 2923 1225 2986 desiderium
1247 2924 1307 2986 boe

193 3051 277 3093 annu
300 3039 337 3093 tu
360 3030 440 3091 mibi
464 3027 642 3112 aedendis}
689 3029 847 3093 Videmus
871 3049 964 3114 aegre
987 3031 1061 3093 ferri
1085 3031 1229 3113 magistri
1254 3028 1309 3092 ab·

191 3139 325 3201 sentiam
349 3158 368 3199 a
391 3136 432 3199 M.
456 3136 598 3199 Aurebe.
644 3136 758 3219 Itaque
781 3138 900 3200 mirum
925 3144 974 3201 est
991 3137 1072 3200 illud
1096 3138 1219 3200 ‘datum
1234 3136 1306 3198 fuit

193 3246 278 3327 quod
303 3264 339 3308 eo
365 3244 495 3327 quidem
513 3262 621 3324 sensu,
645 3249 681 3306 ut
696 3244 868 3327 significet:
889 3246 1101 3327 ‘permissum
1116 3262 1306 3306 eoncessum

190 3351 261 3415 fuit’
285 3351 533 3415 usitatissimum
557 3355 614 3430 est,
636 3350 692 3412 sed
716 3371 762 3433 ea,
786 3371 869 3434 quae
893 3355 1001 3414 nestro
1031 3351 1101 3414 leeu
1131 3349 1305 3433 flagitatur,

190 3459 432 3542 significatione,
467 3461 503 3519 ut
533 3456 618 3519 idem
650 3459 764 3538 valeat,
797 3459 883 3540 quenl
911 3458 999 3519 ‘mihi
1022 3458 1214 3540 imperatum
1237 3458 1307 3538 fuit,

187 3568 299 3648 jussus
335 3564 418 3630 sum’
454 3563 565 3625 dubito
600 3583 679 3625 num
712 3559 868 3648 exemplis
901 3584 983 3647 quae
1015 3566 1162 3647 equidem
1187 3567 1307 3627 frustra

280 3797 324 3866 67)
343 3796 441 3849 Tamen
460 3793 530 3846 sieui
548 3791 619 3845 ultra
636 3793 694 3861 ejus
714 3795 784 3861 quod
803 3794 907 3846 licitum
927 3796 967 3846 est
980 3794 1046 3847 fines
1059 3795 1233 3862 conjectando
1245 3810 1305 3861 pro·

189 3902 296 3954 gressus
314 3885 437 3950 videbor,
462 3882 572 3936 tortasse
591 3881 641 3934 1100
660 3899 746 3950 magis
764 3883 789 3935 ei
809 3882 937 3950 placebit:
966 3882 999 3936 N.
1019 3883 1037 3936 l.
1056 3883 1153 3936 avios
1171 3883 1305 3950 quidem

191 3992 238 4028 nos
260 3991 334 4028 enm·
352 3971 452 4042 jaetat'.
484 3969 574 4024 ‘avios'
599 3970 670 4022 enim
694 3971 718 4023 si
741 3972 899 4042 seribiums‚
928 3971 1053 4040 ‘quidem’
1072 3989 1125 4025 nou
1145 3972 1303 4024 mutandum

190 4065 249 4132 erit,
275 4064 373 4134 quippe
401 4062 471 4130 qued
494 4060 521 4114 h.
540 4059 558 4114 l.
577 4059 633 4111 vim
653 4061 787 4127 quandam
806 4061 986 4114 restrictivam
1006 4061 1110 4127 babeat,
1129 4061 1303 4128 eandemque,

190 4170 243 4223 qua
261 4153 356 4207 Graeci
375 4148 506 4219 particula
524 4168 553 4219 γε
571 4149 690 4203 utuntur.

278 4242 322 4310 68)
341 4258 356 4294 e
374 4240 531 4294 Buttmauni
550 4239 702 4307 eenjeetura
720 4239 864 4307 praeclara.
884 4240 941 4292 eod.
961 4241 996 4292 ‘et
1013 4237 1125 4293 ernare'.

278 4331 323 4402 001
341 4331 478 4399 113113.
498 4328 540 4397 se,
554 4329 595 4383 10.
616 4327 675 4396 105,
687 4330 713 4382 4.
733 4328 822 4395 mur
842 4330 868 4380 et
887 4329 921 4384 m
939 4330 966 4380 a
984 4329 1026 4383 13.
1045 4332 1072 4382 et
1089 4327 1204 4395 saeptus.
