3175 5009
825 378 866 440 26

288 575 337 635 est
359 570 399 633 ad
426 569 616 633 sanandum.
663 567 750 633 Gerr.
774 566 856 650 ‘Res
880 587 991 651 quas.
1015 615 1022 628 .
1046 615 1053 628 .
1077 563 1247 649 credimus,
1270 585 1353 649 eas,
1377 568 1404 630 si

289 697 347 760 sq,
370 674 606 759 adsequamur’

376 779 429 854 Ad
451 777 544 854 nmio.
567 777 593 852 I·
616 779 655 853 12
677 808 720 830 =
752 778 867 873 p.182
900 802 931 851 v.
958 779 987 851 l.
1043 780 1161 843 Fronto
1195 799 1312 864 genere
1346 800 1405 844 suo

289 890 421 955 Aufidio
443 889 610 951 Victorino
639 888 678 951 de
700 887 863 952 Frontone
886 889 955 970 ejus
978 887 1076 950 filiole
1098 887 1267 971 ipsiusque
1283 891 1406 971 nepote,

292 998 349 1080 qui
373 995 459 1080 apud
483 1015 582 1059 avum
601 994 809 1077 educabatur,
832 1015 897 1059 nen
912 995 1053 1078 inlepide
1072 994 1117 1057 ita
1136 992 1261 1058 scribit:
1285 992 1405 1069 ‘Quum

288 1109 326 1167 tu
349 1102 473 1168 nullam
496 1122 653 1184 umquam
675 1102 853 1165 mercedem
878 1102 977 1165 ullius
992 1102 1038 1165 rei
1055 1100 1197 1185 agendae
1213 1100 1405 1164 dicendaeve

289 1231 308 1273 a
332 1230 496 1293 quoquam
520 1209 703 1292 postularis,
726 1207 844 1271 Fronto
859 1208 920 1271 iste
935 1208 1065 1271 nullum
1085 1206 1221 1271 verbum
1236 1209 1327 1291 prius
1351 1227 1405 1272 ne-

289 1337 352 1401 que
375 1316 576 1400 frequentius
600 1315 773 1398 cengarrit,
798 1336 893 1398 quam
918 1314 991 1378 hoc:
1017 1314 1070 1377 da:
1096 1333 1154 1398 ege
1178 1319 1288 1378 centra
1319 1314 1406 1397 qued

288 1444 419 1507 pessum
443 1428 500 1486 ant
523 1422 685 1485 chartulas
708 1424 737 1485 ei
761 1426 817 1486 aut
840 1421 973 1486 tabellas
988 1423 1127 1506 porrige,
1143 1442 1281 1505 quarum
1296 1440 1405 1485 rerum

288 1531 457 1614 petitorem
480 1548 555 1592 eum
580 1548 649 1592 esse
673 1529 776 1611 cupio.
822 1528 986 1592 Nonnulla
1009 1532 1117 1592 tamen
1146 1532 1182 1592 et
1211 1529 1288 1591 aviti
1317 1530 1406 1611 inge-

289 1637 335 1699 nii
359 1637 451 1720 signa
475 1635 634 1719 ostendit}
680 1633 779 1700 Recte
804 1637 831 1700 si
848 1655 881 1699 se
900 1634 1031 1699 haberet
1045 1636 1126 1699 illud
1149 1634 1198 1698 ‘et’
1223 1636 1276 1717 (=
1299 1637 1406 1715 etiam)

288 1747 362 1806 ante
381 1741 478 1805 ‘aviti'
502 1741 694 1806 Frontonem
719 1742 839 1807 dixisse
863 1761 995 1806 necesse
1029 1747 1122 1825 esset,
1150 1742 1250 1806 multa
1281 1746 1407 1825 paterni

288 1852 411 1935 ingenii
446 1852 538 1933 signa
573 1871 591 1912 a
624 1849 722 1913 filiole
755 1849 889 1914 ostendi.
936 1847 1029 1924 Quod
1063 1870 1140 1912 cum
1164 1851 1272 1932 jocose
1302 1853 1408 1933 neget,

289 1957 401 2021 nullus
427 1957 537 2021 dubito
554 1957 633 2038 quin
650 1956 753 2020 delete
777 1955 828 2019 ‘et'
852 1954 1057 2019 scribendum
1083 1957 1137 2019 sit:
1162 1954 1337 2019 ‘Nonnulla
1360 1959 1405 2017 ta-

288 2084 363 2127 men
387 2066 464 2128 aviti
482 2059 604 2147 ingenii
620 2064 713 2147 signa
729 2062 886 2127 ostendit’.
932 2061 1006 2130 Hoc
1020 2064 1131 2126 sentit:
1156 2063 1257 2146 patris
1275 2062 1405 2145 quidem

289 2191 355 2233 nen
379 2171 483 2234 simile
506 2174 556 2233 est
582 2170 752 2253 ingenium
779 2170 920 2253 pueruli,
947 2174 979 2233 at
1006 2170 1067 2232 avi.
1113 2169 1199 2232 Illud
1227 2168 1277 2232 ‘et’
1308 2189 1406 2252 prave

289 2296 307 2340 e
329 2278 444 2361 prioris
469 2278 558 2342 verbi
577 2277 705 2341 ‘tamen'
729 2278 843 2341 ultima
867 2276 991 2357 syllaba
1013 2277 1179 2360 repititum
1201 2276 1338 2340 videtur.

377 2380 430 2454 Ad
453 2381 546 2458 amio-
569 2383 615 2475 H,
638 2385 659 2457 7
681 2421 723 2441 =
744 2408 777 2479 p.
800 2383 862 2457 197
876 2406 907 2456 V.
923 2384 951 2455 1.
998 2384 1233 2468 ‘Lenissimum
1257 2406 1406 2450 mansue-

289 2492 463 2573 tissimum,
480 2492 711 2577 doctissimum,
726 2496 918 2579 piissimum,
933 2497 968 2558 in
984 2515 1083 2560 causa
1105 2517 1171 2559 non
1187 2497 1291 2559 dicam
1312 2496 1406 2573 bena,

289 2597 399 2681 finge
423 2599 509 2661 enim
533 2601 695 2685 ambigua,
718 2609 807 2667 tante
831 2607 911 2667 natu
935 2622 1045 2667 senem
1073 2603 1277 2688 prohibuisse
1315 2604 1406 2667 curia

289 2709 418 2771 interim
426 2706 455 2791 11.
505 2708 682 2794 Opprebrio
714 2711 789 2775 facit
822 2711 919 2773 Arrio
953 2711 1130 2792 Antonine,
1163 2710 1249 2794 qued
1271 2711 1406 2775 Volum-

290 2819 382 2881 nium
406 2818 576 2898 Serenum,
601 2827 799 2904 accusatum,
823 2820 910 2904 quod
933 2820 1055 2902 injuria
1078 2821 1305 2884 decurionatus
1321 2838 1406 2882 cem-

287 2928 385 3019 moda
407 2935 605 3013 usurpasset,
628 2932 755 2995 interim
781 2950 798 2994 e
826 2932 915 2995 curia
942 2931 1120 2994 removerit.
1166 2930 1281 3012 ltaque
1311 2929 1406 2991 Arrie

290 3055 389 3098 causa
413 3034 564 3119 ambigua
592 3044 668 3119 erat,
699 3057 807 3120 neque
830 3037 949 3101 Fronto
981 3057 1057 3101 eum
1086 3037 1120 3100 id
1143 3036 1263 3121 fingere
1290 3034 1406 3119 jubere

289 3148 401 3225 petest.
451 3144 536 3209 Gerr.
582 3147 699 3229 finge.
746 3143 801 3207 Sic
825 3145 956 3207 demum
979 3150 1064 3208 recte
1088 3149 1307 3228 opponuntur:
1332 3143 1405 3205 ‘nen

291 3249 396 3312 dicam
419 3250 514 3315 hena⁷
538 3258 569 3316 et
591 3252 686 3336 ‘fingo
711 3249 882 3333 ambigua'.
1306 3267 1308 3270 ’

377 3351 460 3428 Ibid.
470 3378 502 3450 p,
512 3355 573 3429 198
586 3379 618 3428 v,
630 3356 657 3427 1.
683 3356 710 3419 Ε
727 3358 915 3421 miserrimis
928 3357 1221 3422 Frontonianorum
1233 3356 1407 3420 verberum

289 3462 414 3526 laciniis
424 3463 502 3527 haec
511 3466 575 3549 legi
583 3463 955 3550 pessunt:‘Hemiuiseni
966 3463 1306 3549 quidquidinterimfit,
1312 3465 1408 3545 juxta

290 3570 445 3633 interim
458 3570 515 3647 fit’,
534 3577 565 3636 et
576 3574 621 3635 ita
637 3573 768 3634 ‘homini
782 3573 878 3653 juxta
889 3574 1019 3635 interim
1039 3572 1084 3636 fit'
1108 3574 1141 3635 in
1159 3572 1302 3655 margine
1319 3589 1407 3654 repe-

291 3677 378 3740 titur.
408 3676 529 3742 Sensus
543 3699 584 3742 ex
599 3683 739 3762 eis,quae
759 3698 856 3761 supra
876 3679 911 3741 in
926 3680 987 3741 hac
1002 3679 1113 3743 eadem
1126 3679 1244 3762 pagina
1260 3678 1328 3741 dixi
1344 3684 1375 3741 et
1390 3697 1408 3741 e

291 3782 462 3847 Frontonis
479 3785 585 3850 verbis
600 3783 865 3870 praecedentibus
882 3785 920 3848 cf.
932 3784 1013 3851 Nab.
1030 3807 1059 3869 p.
1077 3783 1150 3868 197,
1162 3790 1299 3869 apparet.
1323 3784 1409 3848 Dicit

292 3890 388 3971 enim,
412 3891 497 3973 qued
518 3894 635 3956 Arrius
658 3893 822 3982 hominem
842 3893 996 3955 interim
1013 3913 1032 3956 a
1047 3894 1137 3956 curia
1152 3892 1358 3976 prohibuerit,
1373 3894 1408 3955 in

292 3996 439 4060 heccum
455 4019 522 4063 nen
534 4002 726 4084 cogitavisse
739 4019 849 4063 rerum
865 4004 1024 4080 naturam,
1043 3999 1223 4062 secundum
1240 4020 1338 4082 quam
1350 4019 1409 4063 nec

292 4105 406 4168 messis
422 4106 551 4188 torrida,
567 4126 627 4171 nec
643 4107 690 4170 sel
705 4106 746 4169 ad
768 4107 936 4170 interitum
951 4125 1097 4191 vergens,
1120 4126 1180 4171 nec
1203 4111 1351 4170 senectus
1367 4106 1407 4169 ad

293 4216 427 4275 mortem
436 4232 611 4296 properans
625 4218 696 4297 apte
708 4212 864 4276 retardari
878 4216 974 4296 atque
990 4214 1110 4277 differri
1124 4215 1225 4298 pessit
1238 4211 1289 4297 (cf.
1300 4234 1330 4296 p.
1345 4213 1405 4275 197

292 4336 322 4381 v.
347 4317 386 4380 10
404 4337 450 4401 sq.
473 4317 579 4402 liuh),
603 4320 662 4383 hee
687 4320 773 4382 enim
796 4319 852 4382 illa
873 4339 952 4384 voce
974 4322 1122 4387 ‘interim'
1146 4320 1312 4386 contineri.
1346 4318 1407 4384 Mi-
