3175 5009
708 396 750 458 43

172 583 280 645 evadit
314 603 438 648 sensus.
485 584 562 647 illas
595 584 710 648 herbas
745 587 832 648 enim
867 586 895 648 si
927 585 966 648 de
1000 586 1143 649 ciborum
1179 587 1288 649 condi·

171 693 289 755 mentis
312 693 559 774 interpretamur
583 728 623 735 —
648 711 755 775 neque
778 693 871 755 video
896 693 1055 775 quomodo
1078 695 1170 756 aliter
1195 694 1288 756 intel-

172 799 233 882 legi
256 801 381 883 possint
405 834 445 842 -
470 817 537 860 non
560 797 788 880 dubitabimus,
818 799 898 882 quin
922 818 939 861 e
962 800 1128 862 comoedia
1155 802 1289 883 antiqua

173 909 317 969 nostrum
340 906 447 968 locum
471 906 608 988 petitum
631 924 701 969 esse
724 905 926 968 arbitremur.
973 904 1101 969 (lemica
1125 908 1173 969 vis
1193 909 1289 969 etiarn

173 1014 206 1074 in
232 1012 328 1075 verbo
351 1011 529 1075 ‘ruminari’
553 1014 711 1076 contineri
734 1013 872 1076 videtur.
918 1013 1032 1095 Itaque
1055 1014 1100 1076 ita
1121 1013 1290 1076 scribenda

172 1123 250 1182 suut
272 1119 385 1183 verba:

238 1216 243 1230 Ι

227 1237 342 1300 Atticis
366 1237 513 1316 thymum
537 1235 756 1317 propinquum
780 1235 1020 1318 serpyllumque
1044 1236 1241 1316 hymettium

227 1342 480 1407 Rumiuantibus
504 1342 583 1404 viris
604 1373 621 1392 υ
645 1358 673 1394 -‘
697 1375 714 1393 υ
737 1388 770 1395 -
791 1375 809 1394 υ
834 1358 861 1395 -f
885 1377 903 1395 υ
925 1389 957 1396 -

262 1468 330 1531 lam
367 1467 452 1530 idem
495 1468 545 1529 vir
588 1466 711 1547 doctae,
760 1468 846 1550 quod
883 1465 943 1538 ‘Ad
972 1463 1048 1537 Ver.
1088 1463 1165 1560 imp.
1201 1463 1291 1554 H,l

173 1605 214 1626 =
248 1596 279 1668 p,
302 1571 371 1661 128,
399 1571 443 1643 24
471 1575 506 1636 iu
534 1572 642 1637 verbis
675 1593 692 1637 e
732 1574 943 1657 descriptione
980 1576 1140 1638 exercitus
1168 1574 1293 1655 Syriaci

174 1681 366 1765 desumptis:

260 1806 351 1869 ‘Alea
382 1807 415 1867 in
444 1806 556 1868 castris
578 1805 740 1887 frequenS,
764 1825 897 1869 somnus
920 1825 1053 1889 pernox,
1076 1807 1186 1868 autin
1212 1807 1288 1869 vino

172 1913 292 1996 vigilia'
317 1931 430 1975 versus
453 1917 575 1994 partem
598 1913 708 1975 talem:

400 2020 533 2082 somnus
556 2038 678 2101 pernox
704 2023 759 2083 aut
782 2022 817 2080 in
841 2023 915 2082 vino
939 2020 1050 2102 vigilia

172 2124 420 2207 deprehendisse
448 2125 509 2188 sibi
537 2126 627 2189 visus
654 2131 715 2205 est,
746 2127 848 2188 multo
878 2126 1034 2189 audacius
1059 2146 1155 2209 quam
1179 2128 1290 2189 verisi-

171 2230 281 2294 milius
305 2233 377 2314 egit.
424 2231 538 2314 Neque
562 2233 649 2295 enim
676 2252 793 2295 vocum
813 2231 907 2294 ‘vino’
925 2237 956 2295 et
970 2232 1099 2316 ‘vigilia'
1116 2233 1291 2297 admodum

173 2336 302 2399 infirma
325 2338 506 2402 allitteratio
529 2340 674 2401 tantari
697 2343 754 2421 est,
776 2345 814 2402 ut
833 2341 899 2421 jam
924 2342 981 2401 uui
1001 2340 1142 2422 poeticae
1159 2340 1290 2403 dictioni

173 2444 383 2507 adscribenda
410 2448 452 2509 sit
483 2443 537 2528 (cf.
566 2450 732 2529 praeterea
760 2466 857 2529 supra
884 2447 989 2529 pagio.
1015 2446 1291 2529 3616161661-

174 2570 312 2633 cumque
347 2572 450 2634 pauca
483 2552 582 2616 verba
619 2551 849 2636 subsequentia
877 2552 1018 2635 jambioo
1053 2552 1105 2615 vel
1133 2539 1291 2615 trochaico

173 2657 301 2737 rythmo
320 2664 484 2742 reguntur,
507 2678 620 2722 versus
640 2659 888 2743 suspicabimur,
905 2678 1019 2722 vereor
1038 2677 1078 2722 ne
1092 2666 1156 2721 tam
1176 2660 1291 2742 ingens

175 2784 328 2827 versuum
352 2767 443 2849 copia
465 2786 507 2829 ex
531 2766 580 2828 his
605 2764 750 2848 epistulis
766 2766 925 2828 erstitrrra
940 2767 991 2843 sit,
1009 2770 1046 2828 ut
1064 2766 1290 2847 nosmetipsos

173 2876 357 2933 nostrorum
380 2873 588 2936 inventorum
611 2867 788 2955 1661166182)

262 2976 370 3040 Nihilo
387 2980 503 3041 certius
517 2983 574 3058 est,
590 2978 674 3060 quod
688 2976 832 3041 Ribbeck
846 2976 932 3040 Com.
944 2976 1033 3040 Rom.
1046 2974 1166 3061 frgm.2
1182 2998 1210 3061 p.
1227 2977 1289 3039 117

172 3082 239 3145 inc.
263 3085 324 3147 inc.
347 3084 409 3147 fab.
435 3106 463 3147 v,
488 3086 528 3147 27
552 3084 692 3167 protulit.
738 3082 881 3165 Oonjeoit
913 3086 1013 3166 eninr,
1044 3086 1079 3147 in
1103 3083 1210 3148 verbis
1239 3080 1291 3153 Ad

262 3357 308 3426 82)
328 3358 419 3413 Placet
446 3375 461 3412 e
488 3359 581 3412 multis
598 3358 728 3412 nonnulla
751 3358 875 3426 exempla
906 3359 1037 3426 prolerre,
1069 3373 1136 3426 quae
1166 3374 1180 3409 e
1205 3358 1292 3424 poetis

174 3451 281 3515 sumpta
306 3463 365 3500 esse
391 3448 598 3517 haudquaquam
621 3450 695 3501 tauta
717 3447 832 3501 audacia
854 3464 928 3516 sum,
959 3450 990 3499 ut
1015 3447 1083 3499 mihi
1102 3447 1291 3514 persuadeam:

174 3553 199 3603 p.
221 3536 272 3590 162
292 3552 316 3591 v.
336 3539 351 3591 1
370 3536 476 3590 Polluta
494 3540 522 3590 et
540 3536 720 3590 contaminata
738 3539 765 3589 et
783 3536 860 3589 varia
878 3539 905 3588 et
923 3535 1067 3589 maculosa.
1105 3534 1194 3602 195,ss
1213 3532 1291 3587 Ranri

174 3625 282 3678 secundi
310 3629 337 3678 et
363 3625 485 3694 frugiferi
513 3623 588 3679 bacis
615 3625 754 3694 pomisque
783 3623 881 3680 odisti.
927 3624 1031 3692 p.197,
1052 3624 1086 3678 10
1113 3623 1180 3689 Quis
1207 3621 1292 3691 segeti

174 3713 290 3768 torridae
316 3730 431 3768 messem
454 3714 650 3783 procrastinat?
687 3715 747 3781 215,
767 3714 801 3767 13
826 3711 889 3781 ager
912 3713 1050 3780 neglectus
1075 3711 1177 3765 inlotus
1195 3710 1291 3764 uberes

175 3800 263 3858 terret.
301 3803 397 3870 220,3
425 3803 531 3859 Harioli
558 3805 647 3857 autem
669 3800 766 3856 laetam
786 3805 813 3854 et
831 3801 958 3869 pinguem
977 3801 1109 3855 fortunam
1130 3797 1291 3868 portendier.

176 3891 235 3954 223,
265 3892 280 3944 7
308 3889 430 3946 novellae
458 3893 524 3962 quid
552 3890 674 3946 cantetur
700 3889 805 3945 vineae.
857 3890 917 3957 228,
946 3890 978 3943 21
1007 3888 1073 3943 nevo
1101 3892 1189 3942 motus
1217 3885 1292 3940 venti

176 3982 273 4034 cuncta
291 3978 412 4034 tdnditus
430 3980 612 4049 percellerent
650 3980 692 4048 19,
712 3982 744 4034 11
771 3995 852 4047 quom
869 3977 937 4032 Jove
956 3982 1030 4047 patre
1055 3975 1180 4032 audiente
1198 3976 1292 4030 Musae

176 4069 292 4124 6111116111.
347 4069 389 4137 79,
416 4071 433 4124 6
463 4070 631 4139 Peramplam
662 4065 827 4123 anxietatem
856 4071 884 4121 ot
918 4084 1051 4121 summam
1088 4063 1292 4134 aegritudinem.

176 4159 219 4223 94,
230 4157 265 4212 20
284 4155 353 4212 bona
371 4157 444 4213 salus
462 4160 547 4215 bonus
565 4159 652 4213 annus
665 4158 734 4212 bona
746 4155 860 4226 fortima,
879 4173 922 4211 res
934 4153 1020 4209 omnis
1033 4155 1109 4209 bona.
1129 4154 1290 4222 p.229,111

177 4247 217 4300 De
249 4246 316 4300 caeli
346 4265 454 4302 nemore
484 4250 612 4303 advectae
642 4247 653 4318 l
655 4264 1023 4290 --------
1027 4245 1046 4313 ).
1083 4261 1109 4312 p.
1129 4244 1179 4297 167
1203 4260 1229 4297 v.
1249 4243 1291 4297 25.

179 4335 246 4391 Cum
267 4335 333 4389 bene
351 4341 503 4406 perspectas
521 4338 643 4393 habeam.
