3175 5009
837 348 879 410 40

298 538 412 623 primis
435 539 582 603 versibus
606 539 686 602 nihil
709 538 807 620 aliud,
831 558 929 620 quam
952 538 1045 603 ‘bella
1067 540 1140 622 plus
1170 560 1266 623 quarn
1296 540 1429 604 oivilia’

299 645 526 728 interpretatus
556 651 649 725 esset,
685 647 896 730 singulosque
930 647 1050 728 primos
1085 645 1268 711 Pharsaliae
1302 667 1432 712 versus
1548 659 1549 662 ’

301 749 342 815 ad
375 751 642 835 comprobandam
676 773 768 817 suam
802 753 992 816 sententiam
1025 754 1201 835 exscripsit,
1230 755 1275 816 ita
1298 756 1428 837 pergit:

301 857 454 938 ‘Annaea
477 860 551 940 quis
574 859 648 922 finis
671 860 751 924 erit?
798 861 876 941 Aut,
907 859 934 922 si
970 859 1079 922 nullus
1109 859 1184 923 finis
1213 878 1272 923 neo
1300 860 1431 924 modus
1548 909 1549 938 p

302 968 359 1045 est,
383 983 440 1026 our
464 984 530 1027 non
553 965 658 1029 addis:
684 972 714 1029 et
737 966 857 1029 similes
880 966 999 1049 lituos?
1045 966 1157 1030 Addas
1178 967 1265 1029 lieet:
1294 973 1327 1030 et
1354 987 1431 1030 oar·
1548 989 1549 1000 ¹

300 1071 390 1134 mina
412 1075 489 1134 nota
511 1072 682 1137 tubarum'.
731 1071 858 1156 Optimo
876 1072 999 1153 judicio
1019 1072 1218 1136 Niebuhrius
1243 1073 1291 1136 ed.
1312 1073 1430 1138 Berol.

302 1199 331 1261 p.
350 1177 412 1240 136
438 1178 509 1241 adn.
535 1177 568 1258 3)
592 1180 682 1261 vidit,
701 1180 779 1243 haee
803 1179 918 1243 ultima
940 1178 1110 1243 manifesto
1134 1198 1204 1243 esse
1226 1185 1339 1263 poetae
1367 1182 1431 1243 ali-

301 1285 393 1368 eujus
417 1303 561 1349 versum:

451 1390 493 1453 Et
516 1392 637 1456 similes
660 1393 757 1457 lituos
781 1395 813 1455 et
835 1393 977 1456 earmina
1000 1396 1075 1455 note
1097 1392 1256 1457 tubarum.

389 1528 495 1604 Prino.
519 1529 598 1606 hist.
621 1554 653 1626 p.
669 1531 734 1605 209
757 1555 787 1604 v.
806 1532 825 1606 9
842 1554 890 1627 sq.
938 1532 1429 1617 ι11111116661611111111661116111111

303 1660 401 1704 eausa
422 1640 498 1704 faeti
519 1641 605 1723 latet,
627 1641 750 1705 faotum
773 1640 953 1724 speetatur.’
998 1641 1038 1703 In
1062 1641 1285 1707 dissertatione
1313 1646 1430 1726 priore

299 1749 367 1830 Jam
391 1749 535 1831 exposui,
559 1768 617 1811 our
644 1753 730 1813 reete
755 1747 1013 1812 Klussmannum
1037 1748 1056 1810 l.
1078 1768 1102 1811 o.
1128 1769 1158 1832 p.
1176 1749 1217 1811 78
1241 1749 1429 1813 hexametri

302 1860 425 1938 partem
440 1856 618 1938 ‚agnovisse
640 1859 765 1938 putem:

458 1961 547 2025 Ilaoti
570 1981 668 2025 eausa
690 1962 778 2044 latet,
799 1962 920 2025 factum
943 1967 1104 2045 spectatur
1134 1995 1152 2015 ν
1171 2007 1205 2016 -
1223 1996 1258 2024 υ.

292 2075 295 2080 ‘
389 2068 453 2132 His
476 2068 592 2132 addere
614 2088 760 2152 possum:

391 2206 443 2281 Ad
465 2205 586 2281 Anton.
609 2206 692 2303 lnp.
711 2206 738 2293 Ι,
753 2208 771 2280 1
786 2239 828 2259 =
843 2230 875 2302 p.
893 2206 936 2280 94
950 2230 982 2278 v.
998 2206 1016 2278 1
1032 2227 1080 2300 sq.
1131 2207 1260 2272 Bonum
1289 2232 1428 2293 annum,

304 2316 423 2380 bonam
450 2317 595 2399 salutem,
619 2318 737 2381 bonam
761 2317 925 2380 fortunam
954 2319 1026 2399 peto
1050 2336 1069 2377 a
1089 2314 1138 2377 dis
1168 2316 1219 2379 die
1248 2319 1327 2381 mihi
1359 2320 1426 2382 sol-

303 2424 403 2487 lemni
426 2424 524 2487 natali
548 2428 613 2503 tuo,
645 2436 888 2507 oompotemque
916 2442 968 2485 me
991 2423 1056 2484 voti
1080 2421 1146 2486 fore
1169 2424 1307 2487 confido:
1345 2447 1426 2488 nam

305 2550 402 2614 quem
426 2535 538 2613 sponte
562 2530 614 2594 dei
633 2532 758 2613 juvisse
781 2531 905 2611 volunt,
937 2534 968 2592 et
1000 2529 1134 2612 dignum
1166 2548 1224 2612 ope
1257 2551 1315 2594 sua
1333 2532 1426 2613 judi-

304 2642 387 2718 6611,
404 2657 479 2701 eum
495 2637 684 2700 commendo
699 2636 891 2720 benignitati
909 2634 1042 2718 eoruml.
1081 2634 1279 2701 Hexameter
1293 2639 1426 2702 videtur

304 2745 401 2808 latere
424 2744 507 2830 tahs
532 2745 596 2827 qui,
620 2744 648 2807 si
671 2748 756 2807 reete
779 2744 937 2827 supplevi,
966 2742 1083 2825 triplici
1114 2743 1239 2808 litterae
1263 2746 1283 2808 d
1307 2745 1425 2809 alhhe-

303 2852 428 2914 ratione
452 2850 708 2914 commendatur:

376 2958 494 3042 Sponte
519 2957 570 3021 dei
589 2959 714 3039 juvisse
736 2958 851 3020 volunt
873 2961 905 3022 et
928 2958 1062 3041 dignum
1085 2978 1144 3041 ope
1168 2956 1324 3042 [ducuntl.

376 3064 637 3148 Δ86116116111116
666 3064 744 3126 milri
772 3063 903 3147 quidem
930 3084 996 3126 non
1020 3063 1170 3128 credibile
1194 3067 1244 3146 sit,
1272 3065 1423 3140 oonoedo,

304 3173 448 3256 potuisse
480 3173 568 3235 huno
598 3190 730 3234 versum
761 3171 928 3233 Antonino
960 3173 1057 3234 etiam
1089 3191 1167 3234 oasu
1197 3172 1231 3234 in
1262 3173 1423 3235 calamum

304 3278 412 3343 fluere.

394 3384 512 3449 Contra
534 3390 654 3448 certam
677 3385 784 3447 visum
806 3385 847 3447 iri
870 3385 1043 3449 lectoribus
1067 3406 1159 3470 spero
1182 3388 1265 3450 hane
1287 3407 1369 3450 rem:

393 3522 513 3597 1111.
537 3521 656 3597 nan.
681 3522 728 3596 ne
752 3524 863 3619 inqu.
880 3505 934 3598 ni
948 3557 990 3579 =
1005 3547 1037 3619 p.
1053 3525 1115 3599 149
1132 3549 1164 3598 v.
1183 3525 1221 3599 13
1244 3535 1316 3613 poa
1334 3530 1420 3592 rau.

306 3654 382 3697 nam
397 3635 476 3697 haeo
492 3632 591 3697 verba
605 3633 770 3716 leguntur:
796 3634 894 3698 Vocis
918 3635 1099 3698 modulatae
1123 3641 1279 3699 amatores
1302 3637 1422 3719 primas

305 3741 433 3805 audisse
467 3740 615 3803 feruntur
648 3759 724 3803 aves
758 3758 875 3803 vernas
913 3742 986 3805 lueo
1026 3742 1156 3826 opaco}
1217 3743 1288 3806 Uno
1322 3742 1420 3806 verbo

304 3847 496 3931 transposito
518 3847 752 3929 pulcherrimus
775 3848 962 3912 hexameter
984 3848 1104 3912 evadit:

433 3986 494 4007 ..υ
513 3985 601 4007 6-6
620 3986 708 4007 6-6
727 3986 816 4007 6-6
835 3987 896 4009 υ,
920 3957 1101 4019 modulatae

433 4061 532 4124 Voeis
555 4065 712 4125 amatores
736 4062 855 4144 primas
879 4062 1009 4126 audisse
1032 4063 1178 4127 feruntur

436 4166 573 4252 [Dulcia]
599 4187 674 4232 aves
697 4187 814 4232 vernas
839 4168 896 4253 [in]
922 4190 1020 4253 opaco
1045 4169 1208 4255 [earmina]
1233 4171 1306 4234 luoo

413 4336 415 4341 ,
434 4273 660 4359 [Olangentesl.
