3175 5009
789 414 807 472 5

327 601 428 664 Vides
452 601 537 664 haud
556 603 712 685 exiguum
729 623 807 667 sane
830 622 1005 667 numerum
1019 606 1164 668 virorum
1180 605 1357 686 doctorum,

239 707 359 791 quibus
393 708 568 772 dolendum
600 714 656 792 est,
687 710 772 793 quod
806 711 1004 774 novissimus
1036 711 1138 775 editor
1166 716 1231 776 tam
1254 714 1358 776 multa

238 814 489 897 haudquaquam
514 816 686 899 hucusque
709 817 868 880 exhausta
895 818 1032 900 reliquit.
1079 817 1195 901 Facile,
1223 820 1278 883 000
1303 841 1356 883 00-

239 940 472 1004 pervacaneum
508 928 565 1004 est,
598 924 775 1005 permultis,
811 944 894 1008 quae
925 925 999 1006 jure
1027 925 1087 988 suo
1115 928 1177 988 viri
1207 927 1294 996 ,00011
1321 929 1356 989 10

240 1029 310 1109 ejus
345 1028 485 1092 editione
519 1030 799 1113 vituperaverunt,
834 1051 920 1094 nova
956 1029 1125 1114 addere.29)
1170 1032 1254 1096 Sane
1287 1034 1357 1115 ejus

239 1135 332 1218 culpa
366 1136 491 1217 accidit,
524 1140 561 1198 ut
591 1154 742 1219 persaepe
774 1139 903 1201 incertis
938 1138 1158 1202 fundamentis
1186 1139 1356 1203 Frontonis

238 1242 417 1304 emendatio
440 1243 604 1306 niteretur.
652 1243 770 1307 Tamen
793 1246 913 1326 injuria
937 1244 1146 1309 Schenhelius
1166 1246 1185 1309 l.
1205 1266 1230 1309 c.
1254 1249 1355 1309 satius

241 1367 310 1411 esse
334 1349 506 1430 contendit,
533 1350 559 1411 si
590 1350 729 1431 omnino,
758 1350 836 1413 dum
863 1353 994 1415 meliore
1026 1352 1163 1416 editione
1186 1354 1234 1415 uti
1256 1355 1356 1436 possi-

238 1475 319 1536 mus,
354 1457 443 1517 omni
477 1456 697 1519 emendatione
732 1456 959 1522 abstineamus.
1013 1459 1217 1542 Respondere
1252 1461 1355 1543 placet

238 1561 451 1625 Studemundi
480 1561 585 1625 verbis
613 1563 642 1640 (l.
662 1582 688 1625 c.
704 1585 734 1646 p.
752 1563 900 1646 XXIX):
934 1564 1142 1628 ί1100100100
1167 1567 1203 1627 in
1227 1566 1355 1629 110010-

196 1708 202 1720 ·
239 1668 314 1732 bore
338 1669 393 1751 (sc.
421 1669 540 1733 codicis
567 1671 680 1733 iterata
707 1671 855 1750 lectione)
883 1672 1152 1755 acquiescendum
1181 1678 1242 1751 est,
1278 1693 1354 1736 nam

238 1794 344 1858 neque
368 1782 473 1838 sartus
501 1781 532 1839 et
559 1781 670 1859 100100,
698 1781 734 1842 01
762 1778 860 1860 ajunt,
889 1784 937 1841 est
958 1779 1183 1861 palimpsestus
1206 1785 1238 1842 et
1261 1781 1355 1842 multi

237 1883 308 1961 loci,
343 1903 417 1945 cum
449 1885 485 1945 in
517 1884 624 1947 codice
657 1887 800 1967 graviter
826 1886 967 1967 corrupti
1000 1889 1136 1964 exstent,
1170 1887 1354 1967 conjectura

239 1991 333 2052 etiam
358 2010 446 2052 nunc
468 1991 615 2073 indigent
638 2039 645 2052 .
670 2040 676 2052 .
701 2041 707 2053 .
732 2040 738 2052 .
763 1990 1035 2075 Proscripturiant
1057 1991 1214 2072 eJ'usmodi
1238 1992 1354 2074 studia,

242 2099 298 2179 qui
320 2098 533 2160 inertissimae
556 2098 712 2180 segnitiae
735 2100 788 2161 vel
815 2098 943 2162 fastidio
971 2097 1100 2161 cuidam
1119 2098 1353 2185 *delicatissimo

239 2203 388 2267 cedentes
421 2205 456 2267 id
489 2205 628 2287 experiri
656 2204 781 2286 uolunt,
817 2205 902 2287 quod
931 2225 965 2269 se
997 2210 1082 2268 certo
1106 2205 1239 2288 adsequi
1261 2225 1353 2289 posse

240 2310 393 2375 diffidant.
448 2311 532 2375 Sane
565 2310 622 2373 ubi
662 2331 728 2374 una
762 2312 959 2375 divinatione
994 2312 1099 2374 omnis
1133 2313 1245 2375 salutis
1282 2331 1353 2396 0000

239 2418 428 2500 continetur,
443 2438 564 2502 paucae
576 2420 778 2501 conjecturae
795 2417 945 2492 omnibus
960 2417 1195 2501 probabuntun
1214 2422 1352 2481 attamen

237 2525 414 2588 multorum
452 2525 575 2588 viribus
610 2526 790 2606 conjunctis
824 2526 876 2588 hic
911 2544 1040 2608 quoque
1074 2523 1166 2587 labor
1199 2526 1352 2607 paulatim

236 2631 444 2696 minuetur.'-

238 2844 424 2899 incolumis
448 2844 575 2897 venias
612 2823 706 2897 Sed'si
725 2843 789 2911 Maji
809 2843 1005 2911 Niebuhriique
1028 2843 1160 2897 editiones
1181 2844 1353 2913 inspexisset,

238 2935 388 2992 invenisset
411 2935 510 2988 rectam
533 2933 675 2986 lectionem
700 2931 861 2985 ‘forticulum
886 2930 1027 2998 invenias’,
1050 2948 1084 2983 ex
1107 2947 1160 2998 qua
1189 2934 1260 3000 apud
1284 2932 1352 2988 Nab.

238 3040 311 3077 mero
329 3023 482 3091 typothetae
501 3038 589 3075 errore
607 3020 675 3074 illud
694 3022 842 3074 monstrum
867 3019 1101 3073 ‘culuminvenias'
1128 3020 1160 3073 ab
1178 3020 1275 3075 Eberto
1298 3025 1353 3076 tam

238 3111 342 3165 fortiter
359 3112 545 3179 impugnatum
563 3110 664 3163 factum
682 3112 730 3164 est.
768 3109 789 3163 O
810 3110 908 3162 mirum
927 3107 1104 3176 philologum!

329 3201 374 3267 29)
393 3200 466 3253 Ilaec
486 3203 575 3252 tamen
595 3200 703 3252 addam:
723 3199 762 3252 De
780 3215 841 3266 nep.
861 3198 960 3251 amisso
978 3198 1006 3250 ll
1026 3214 1050 3265 p.
1067 3198 1119 3251 232
1138 3199 1199 3252 adn.
1219 3199 1246 3267 4)
1265 3199 1355 3253 Naher

241 3288 401 3341 Buttmanni
425 3288 508 3341 verbu
530 3288 651 3354 laudans,
680 3288 726 3356 qui
751 3287 860 3340 nonnisi
884 3286 953 3340 filias
976 3288 1052 3340 natas
1075 3302 1133 3340 0000
1156 3286 1283 3341 Frontoni
1307 3290 1354 3341 ad-

240 3377 351 3442 notavit,
375 3393 403 3430 00
418 3393 481 3430 000
504 3376 660 3430 meminisse
683 3376 788 3443 latetur,
819 3376 891 3427 0000
920 3375 1021 3429 Buttm.
1047 3376 1076 3427 id
1103 3376 1252 3430 resciverit.
1302 3375 1354 3430 Sed

239 3466 434 3535 quinquaginta
459 3465 564 3534 paginis
587 3481 668 3533 supra
692 3465 743 3517 ‘Ad
761 3463 857 3517 Amic?
881 3464 902 3533 I,
922 3466 938 3517 5
956 3489 991 3509 =
1010 3482 1035 3532 p.
1055 3466 1106 3517 177
1134 3466 1242 3518 disertis
1264 3466 1355 3520 verbis

238 3557 296 3624 ipsa
318 3556 416 3609 Fronto
435 3557 560 3607 testatur:
581 3552 753 3622 ι1000100100
773 3595 779 3608 .
800 3594 822 3620 .,
841 3569 872 3606 00
890 3569 939 3607 000
957 3553 1011 3607 1010
1029 3553 1172 3623 praeditos
1187 3556 1225 3621 ut,
1245 3554 1269 3607 si
1286 3554 1356 3607 mihi

238 3644 316 3698 liberi
335 3644 416 3698 ctiam
435 3643 525 3697 virilis
544 3659 625 3697 sexus
644 3643 700 3697 nati
719 3643 835 3695 tuissent
853 3685 859 3696 .
879 3684 885 3696 .
909 3683 929 3710 .,
952 3642 1002 3695 sub
1021 3646 1046 3695 te
1067 3688 1073 3700 .
1094 3689 1100 3699 .
1120 3685 1127 3697 .
1146 3642 1281 3710 stipendia
1299 3660 1354 3696 me-

238 3732 342 3788 101001.ι
380 3732 468 3786 Etiam
487 3733 537 3785 hoc
556 3747 620 3785 sana
638 3731 806 3785 incredibilis
833 3730 1015 3799 neglegentiae
1038 3730 1191 3798 exemplum
1210 3735 1258 3801 est,
1284 3733 1354 3800 quod

239 3822 319 3889 praef.
338 3839 363 3889 p.
383 3821 477 3874 XXIV
496 3839 522 3875 v.
541 3821 576 3875 20
594 3823 663 3888 etp.
683 3820 764 3874 XXV
782 3838 809 3874 v.
830 3821 861 3872 11
886 3820 1046 3888 persuadere
1062 3819 1114 3873 sibi
1139 3821 1232 3889 potuit,
1251 3821 1353 3888 001010-

237 3911 290 3963 lam
318 3911 360 3963 Ad
379 3909 414 3964 M.
435 3910 509 3964 Caes
535 3911 592 3977 1,3
617 3910 743 3977 scriptam
768 3909 852 3962 fuisse
877 3912 937 3976 0001
960 3925 1001 3976 ep.
1025 3909 1059 3962 ad
1082 3908 1119 3963 M.
1139 3908 1212 3964 Caes.
1235 3910 1352 3976 Π[,17;

238 4015 299 4052 cum
318 3998 379 4051 luce
397 3998 497 4052 clarius
516 4000 559 4064 sit,
576 3999 658 4052 verba
676 3998 718 4050 Ad
737 3997 773 4052 M.
792 3997 867 4054 Caes.
886 3998 935 4066 111,
957 3998 988 4050 17
1009 3999 1044 4067 (p.
1064 3997 1110 4068 55)
1130 3998 1214 4051 ‘Tanti
1233 4001 1273 4052 001
1292 4039 1297 4050 .
1318 4040 1324 4053 .
1348 4039 1353 4051 .

238 4089 264 4140 10
283 4086 356 4140 00110
376 4104 434 4141 meo
452 4087 556 4155 merito,
580 4088 627 4141 000
646 4087 765 4141 0010100
784 4102 847 4154 erga
866 4103 908 4138 mc
931 4103 1020 4140 amore
1045 4086 1167 4153 laudam,
1202 4088 1234 4140 00
1253 4089 1354 4155 quotu

239 4176 357 4243 plurima
374 4178 401 4229 01
419 4176 619 4244 elegantissima
637 4177 670 4230 ad
690 4192 732 4229 me
751 4175 872 4243 proxime
891 4176 1041 4244 scripsisti’,
1059 4177 1125 4230 hacc
1138 4176 1220 4229 verba
1233 4178 1352 4243 spectare

239 4265 272 4318 ad
291 4264 432 4318 Frontonis
457 4264 600 4333 epistulam
623 4266 665 4317 Ad
684 4264 720 4319 M.
741 4264 815 4318 Caes
835 4264 857 4331 I,
877 4266 893 4317 3
912 4263 948 4333 (0,
968 4267 984 4318 5
1003 4265 1062 4333 sq),
1080 4264 1127 4318 ubi
1146 4264 1179 4316 00
1198 4280 1229 4316 ea
1247 4263 1306 4331 ipsa
1324 4279 1353 4317 re

239 4353 328 4407 100100
346 4356 381 4422 01,
399 4355 430 4406 01
448 4354 522 4422 00101,
541 4353 658 4422 insipide
678 4353 760 4407 verba
778 4352 850 4407 lacit.
954 4395 957 4402 .
