3175 5009
838 413 880 476 48

300 620 360 666 nec
392 602 474 681 odio,
508 601 564 665 sed
598 602 756 686 imperitia
789 602 973 666 nutricandi
1006 601 1167 687 opterunt'
1201 643 1245 652 —
1280 606 1307 670 si
1339 607 1419 671 haec

300 710 424 794 legeris,
452 728 561 771 nonne
584 728 711 771 mecum
735 709 901 773 miraberis
925 711 1100 773 orationem
1125 711 1231 776 subito
1260 719 1325 776 tam
1355 715 1418 777 alte

301 817 414 879 elatam
441 837 468 879 v.
494 816 535 878 14
559 835 604 898 sq.
629 820 760 899 tamque
794 818 917 899 poetico
952 816 1056 880 colore
1092 822 1257 882 ornatam?
1303 821 1419 904 Itaque

300 923 435 986 fortasse
460 922 615 1005 suspicari
638 942 820 1006 possumne,
843 925 937 986 etiam
962 924 991 987 h.
1015 924 1034 986 l.
1057 924 1157 988 latere
1180 945 1308 990 versus:

460 1063 477 1082 υ
501 1046 530 1084 -¹
550 1026 625 1093 deos
649 1049 784 1113 superos
807 1030 992 1113 inferosque
1016 1050 1074 1114 ego
1099 1034 1130 1094 et
1152 1030 1250 1095 fidem

373 1168 375 1174 ·
457 1139 605 1200 arcanam
630 1136 790 1200 humanae
814 1138 973 1200 amicitiae
997 1140 1095 1201 testor
1119 1137 1231 1222 [mihil.
1304 1155 1306 1158 ·

390 1244 426 1308 ef.
451 1244 554 1307 Plaut.
578 1242 660 1306 Rud.
684 1242 723 1325 V,
748 1244 820 1326 apl
845 1249 959 1307 testem
982 1248 1013 1308 te
1037 1250 1135 1308 testor
1158 1246 1244 1308 mibi.

389 1368 519 1432 Eisdem
554 1367 733 1432 rationibus
768 1373 948 1431 commotus
982 1388 1113 1433 versum
1153 1371 1248 1432 etiam
1287 1389 1327 1433 ex
1367 1371 1420 1434 his

301 1476 550 1539 enucleaverim:
569 1475 629 1537 Ad.
646 1474 687 1537 M.
704 1476 779 1537 Ant.
821 1472 870 1538 De
886 1475 994 1558 eloqu..
1008 1475 1059 1539 ΙΠ
1073 1508 1115 1527 --
1131 1497 1159 1559 p.
1178 1477 1241 1538 149
1257 1497 1286 1537 v.
1305 1476 1346 1539 18
1364 1497 1417 1560 sq:

302 1582 446 1645 Ennium
470 1582 585 1646 deinde
609 1587 640 1645 et
662 1582 799 1644 Accium
824 1585 855 1644 et
873 1580 1060 1646 Lucretium
1083 1582 1235 1665 ampliore
1255 1583 1323 1664 jam
1345 1605 1419 1647 mu-

300 1691 371 1773 gitu
393 1689 593 1773 personantis
617 1694 725 1751 tamen
748 1688 893 1751 tolerant.
940 1689 984 1751 At
1003 1687 1060 1751 ubi
1077 1688 1205 1752 Catonis
1228 1694 1259 1751 et
1274 1689 1419 1755 Sallustii

301 1803 332 1860 et
354 1796 438 1859 Tulli
462 1796 539 1859 tuba
563 1796 714 1859 exaudita
743 1801 799 1876 est,
832 1795 993 1877 trepidant
1027 1800 1059 1858 et
1090 1801 1209 1879 pavent
1243 1806 1274 1859 et
1307 1797 1418 1882 fugam

300 1904 421 1968 frustra
435 1900 660 1985 madidanturl.
700 1901 809 1964 Verba
825 1901 1165 1965 ‘tuba—meditantur’
1181 1903 1335 1986 tragicam
1352 1905 1418 1966 vim

302 2013 426 2095 spirant
448 2016 480 2074 et
503 2011 643 2072 manime
666 2008 748 2071 illud
776 2008 896 2092 ‘fugam
929 2008 1048 2072 frustra
1073 2009 1296 2091 meditantur',
1331 2011 1420 2092 quod

256 2192 258 2196 .
302 2120 399 2183 etiam
422 2117 646 2180 allitteratione
670 2115 924 2196 commendatur,
953 2115 1125 2178 admodum
1147 2118 1271 2200 poetice
1296 2116 1419 2179 dictum

301 2232 357 2290 est.
402 2225 518 2309 ltaque
540 2224 675 2287 fortasse
699 2241 814 2285 versus
845 2222 931 2303 latet,
966 2223 1036 2285 sine
1068 2222 1166 2286 dubio
1203 2243 1220 2286 e
1254 2223 1419 2306 tragoedia

302 2333 506 2415 desumptus:

470 2434 1046 2498 omo—u—u—u—ubi

461 2546 540 2609 tuba
563 2546 746 2608 exauditast
768 2543 930 2627 trepidant
952 2547 983 2606 et
1005 2544 1133 2625 pavent,
1155 2541 1265 2625 fugam

460 2652 579 2717 frustra
602 2650 818 2716 meditantur'.

461 2761 523 2844 (vel
545 2760 665 2843 ‘fugam
686 2758 690 2842 l
710 2758 831 2822 frustra
852 2757 1063 2836 meditantes).

388 2885 462 2949 Jam
487 2887 680 2949 accessimus
704 2885 745 2947 ad
767 2903 838 2946 eam
860 2901 938 2962 rem,
962 2901 1060 2964 quam
1083 2881 1183 2943 totius
1198 2881 1297 2963 hujus
1320 2900 1419 2963 quae·

303 2995 416 3058 stionis
440 2998 538 3075 caput
560 2992 792 3073 cumulumque
817 3009 887 3053 esse
910 2987 1055 3050 arbitror.
1101 2986 1141 3049 In
1173 2987 1309 3069 epistula
1332 2988 1419 3050 enim

287 3097 353 3171 ‘Ad
368 3096 414 3170 Μ,
432 3095 522 3171 (taes.
539 3093 593 3168 ΠΙ
607 3094 645 3167 13
664 3121 705 3155 .-.
722 3116 755 3188 p.
772 3093 811 3165 51
825 3116 857 3165 v.
874 3093 894 3164 5
910 3100 1081 3178 postquam
1098 3093 1272 3175 descripsit,
1297 3096 1419 3176 quanto

301 3207 419 3291 gaudio
456 3206 588 3268 affectus
623 3205 664 3267 sit
697 3204 866 3266 cotidianis
904 3201 1049 3265 Caesaris
1089 3201 1237 3280 quamvis
1273 3202 1420 3284 occupati

301 3314 428 3394 litteris,
458 3314 504 3375 ita
535 3312 651 3395 pergit:
698 3308 796 3384 ‘Quas
828 3329 885 3393 ego
920 3307 1075 3393 epistulas
1111 3326 1209 3389 quom
1242 3308 1418 3390 acciperem

302 3421 406 3483 simile
429 3419 571 3503 patiebar
588 3416 673 3500 quod
697 3421 821 3480 amator
843 3419 973 3500 patitur,
997 3415 1054 3497 qui
1071 3413 1201 3476 delicias
1220 3433 1296 3477 snas
1312 3414 1419 3476 rideat

302 3545 431 3591 currere
464 3525 504 3588 ad
537 3544 571 3587 se
602 3543 660 3606 per
682 3526 745 3586 iter
768 3542 918 3606 asperum
942 3526 973 3585 et
995 3520 1223 3604 periculosum.
1270 3520 1419 3603 Namque

302 3634 330 3696 is
361 3632 459 3695 simul
496 3631 720 3694 advenientem
754 3629 888 3713 gaudet,
924 3629 1023 3691 simul
1058 3628 1247 3710 periculum·
1278 3634 1418 3691 veretur.

306 3715 399 3801 Unde
423 3739 568 3822 displicet
590 3737 671 3801 mihi
689 3736 800 3798 fabula
819 3734 1029 3798 histrionibus
1053 3735 1218 3816 celebrata,
1235 3733 1290 3797 ubi
1307 3753 1418 3797 amans

303 3851 464 3909 amantem
494 3846 601 3928 puella
628 3846 783 3926 juvenem
817 3848 910 3905 nocte
944 3842 1066 3905 lumine
1098 3861 1232 3905 accenso
1264 3846 1352 3905 stans
1383 3843 1418 3903 in

302 3954 384 4016 turri
408 3957 539 4016 nantem
562 3952 596 4014 in
619 3952 701 4013 mari
725 3951 895 4034 opperitur.
942 3948 1027 4012 Nam
1050 3968 1108 4032 ego
1141 3950 1247 4031 potius
1270 3953 1302 4012 te
1325 3968 1418 4011 caru-

303 4078 370 4140 ero,
404 4057 530 4123 tametsi
565 4077 671 4120 amore
704 4063 760 4120 tuo
795 4058 904 4137 ardeo,
938 4057 1044 4139 potius
1080 4075 1176 4137 quam
1213 4061 1245 4118 te
1279 4055 1320 4118 ad
1354 4055 1418 4136 (ted

303 4164 334 4228 Ο.
353 4164 384 4227 F.
397 4164 447 4228 W.
465 4162 613 4245 Mueller)
629 4165 690 4226 hoc
705 4164 809 4226 noctis
825 4166 937 4225 natare
953 4165 1080 4225 tantum
1095 4162 1247 4246 profundi
1263 4156 1416 4244 patianssssl

391 4359 438 4429 86)
457 4359 499 4414 Ita
517 4362 588 4413 recte
607 4356 733 4412 distinxit
752 4355 872 4410 Ribbeck
890 4356 972 4424 praef.
992 4357 1057 4422 trag.
1076 4355 1154 4422 frgrn.
1172 4354 1185 4391 2
1202 4372 1227 4422 p.
1246 4354 1332 4411 LXX.
