3175 5009
828 363 870 428 34

291 555 499 618 contineatur.
544 553 593 617 Ea
616 554 703 616 enim
725 554 855 637 linguae
878 553 1011 620 Latinae
1034 556 1157 619 indoles
1186 560 1242 636 cst,
1275 560 1310 617 ut
1342 558 1401 616 tro·

292 662 401 726 chalco
433 662 633 745 potissimum
668 680 746 723 sono
776 665 921 742 regatur3
955 663 1148 746 faciliusque
1180 662 1221 724 ad
1245 661 1404 743 simplices

291 770 362 832 illas
384 769 619 832 trochaicorum
638 766 919 850 jambicorumque
935 774 1111 833 metrorum
1127 768 1262 852 regulas,
1286 765 1405 849 quibus

292 877 417 958 antiqui
438 880 550 960 poetae
565 873 672 937 Latini
687 874 869 956 utebantur,
892 896 996 939 sermo
1013 876 1283 955 accommodatur,
1307 894 1404 956 quam

291 983 331 1045 ad
354 980 541 1045 artificiosas
555 981 845 1044 hexametricorum
861 1000 1016 1045 versuum
1033 1002 1171 1045 normas.
1217 981 1274 1045 Sin
1298 985 1404 1043 autem

289 1108 357 1152 non
388 1089 486 1151 nnius
519 1088 699 1151 duorumve
730 1086 784 1149 sed
817 1088 962 1169 plurium
994 1108 1148 1152 versuum
1180 1089 1282 1176 spatio
1306 1088 1404 1150 oratio

286 1195 426 1279 jambico
450 1195 501 1258 vel
524 1194 682 1257 trochaico
707 1211 785 1255 sono
808 1200 947 1276 regatur,
978 1197 1186 1279 perspicuum
1214 1201 1272 1274 est,
1302 1194 1404 1257 multo

291 1303 412 1384 majore
432 1302 507 1384 jure
529 1319 589 1362 nos
611 1300 772 1382 genuinos
795 1319 908 1363 versus
933 1303 1089 1385 suspicari
1112 1322 1213 1384 posse.

378 1407 399 1470 J
401 1428 452 1471 am
476 1409 504 1470 si
526 1407 566 1469 ad
590 1406 673 1469 hanc
695 1424 765 1469 rem
787 1407 981 1490 primariam,
1004 1409 1043 1471 de
1063 1408 1236 1492 quamodo
1253 1408 1404 1488 diximus

291 1533 441 1599 quaeque
472 1513 564 1577 nobis
597 1530 722 1596 semper
753 1512 898 1576 condicio
929 1517 998 1577 sine
1031 1536 1097 1599 qua
1129 1535 1204 1597 non,
1235 1520 1272 1578 ut
1305 1517 1404 1597 ajunt,

291 1623 361 1702 erit,
384 1620 535 1684 accedent
557 1618 657 1681 verba
672 1617 910 1702 verborumque
926 1623 1122 1705 complexae,
1146 1641 1230 1704 quae
1253 1641 1310 1685 seu
1333 1642 1403 1706 gra-

289 1730 388 1791 vitate
412 1747 469 1790 seu
493 1728 650 1791 suavitate
666 1745 724 1788 scu
739 1727 816 1788 viva
831 1727 993 1791 alacritate
1009 1727 1247 1791 comoediarum
1264 1731 1404 1791 maxime

288 1837 417 1919 propria
439 1856 458 1897 a
480 1835 572 1897 solito
596 1833 758 1915 scriptoris
781 1852 927 1897 sermone
956 1834 1146 1917 discrepant,
1177 1837 1404 1919 poeticumque

288 1942 409 2006 fontem
440 1942 622 2005 luculenter
654 1939 825 2021 declarant,
857 1942 997 2004 multum
1029 1961 1066 2003 ea
1098 1961 1132 2004 re
1163 1946 1274 2005 nostra
1296 1943 1403 2024 opinio

290 2048 540 2113 confirmabitur.

377 2155 468 2219 Idem
503 2154 560 2217 fiet
592 2155 628 2216 in
664 2154 778 2216 talium
815 2156 966 2218 orationis
1000 2153 1178 2236 figurarum
1213 2156 1404 2238 dicendique

289 2262 501 2326 formularum
532 2281 608 2342 usu,
643 2279 727 2343 quae
758 2262 860 2342 poetis
894 2262 928 2323 in
963 2262 1060 2324 variis
1094 2263 1199 2345 poesis
1232 2262 1404 2345 generibus

290 2370 431 2433 maxime
453 2369 590 2432 usitatae
612 2367 710 2431 fuere.

377 2476 476 2539 Porro
500 2494 576 2538 cum
599 2475 695 2555 citati,
719 2475 804 2556 quod
822 2475 968 2555 dicimus,
991 2479 1106 2537 natura
1121 2475 1211 2551 ferat,
1234 2480 1272 2538 ut
1287 2475 1404 2537 talibus

288 2585 490 2667 potissimum
513 2581 620 2645 verbis
644 2582 845 2644 extrinsecus
878 2581 1055 2663 adsumptis
1089 2583 1188 2644 oratio
1221 2587 1404 2662 exornetur,

288 2692 324 2753 in
356 2690 477 2773 quibus
510 2688 631 2772 aliquid
666 2689 842 2752 sententiae
873 2688 1032 2771 generalis
1064 2688 1192 2771 locique
1225 2690 1403 2751 communis

289 2799 379 2880 insit,
415 2816 457 2860 ne
489 2797 522 2858 id
555 2795 687 2878 quidem
720 2801 946 2878 argumentum
979 2814 1054 2857 cum
1089 2796 1159 2858 aliis
1196 2796 1404 2876 conjunctum

290 2904 508 2988 spernendum
532 2922 601 2966 esse
624 2901 860 2967 arbitrabimur.
1173 2985 1175 2988 Ι

377 3010 544 3073 Postremo
569 3030 642 3072 cum
665 3010 777 3071 tritum
799 3010 867 3090 jam
894 3010 935 3071 sit
964 3014 995 3071 ct
1017 3009 1250 3091 pervulgatum,
1283 3014 1403 3090 quanto

289 3117 532 3194 allitterationis,
558 3136 656 3200 quam
681 3116 826 3195 dicimus,
857 3135 965 3178 amore
989 3116 1127 3178 devincti
1150 3115 1272 3178 fuerint
1295 3122 1403 3198 poetae

289 3221 394 3285 Latini
413 3225 546 3305 antiqui,
570 3221 673 3285 sicubi
691 3222 858 3284 insolitum
875 3222 1035 3304 quendam
1052 3222 1286 3285 allitterationis
1307 3243 1403 3285 usum

289 3330 501 3410 inveniemus,
524 3331 583 3393 hcc
598 3349 754 3413 magnum
770 3333 802 3391 et
817 3349 874 3412 pro
893 3329 940 3391 rei
965 3327 1153 3391 difficultate
1182 3329 1258 3391 satis
1273 3329 1403 3391 firmum

289 3443 517 3520 argumentum
541 3439 601 3500 erit
623 3437 663 3499 ad
686 3440 828 3498 nosbam
852 3436 1037 3519 opinionem
1058 3433 1362 3519 confirmandamffi)

378 3543 440 3607 Sed
460 3545 528 3626 jam
550 3545 713 3627 tetigimus
729 3562 797 3606 rem
815 3542 1011 3605 difficultatis
1026 3543 1154 3626 plenam
1178 3562 1284 3624 neque
1300 3545 1402 3626 primo

289 3650 413 3725 obtutu,
436 3652 490 3714 sed
513 3649 661 3734 pluribus
683 3648 779 3712 rebus
803 3654 950 3712 accurate
972 3655 1136 3731 perpensis
1156 3649 1402 3730 dijudicandam.

378 3861 422 3930 75)
445 3862 478 3916 cf.
501 3861 593 3915 Naelre
616 3860 667 3915 Rh.
692 3860 761 3919 Mus,
788 3860 857 3915 1829
883 3878 909 3928 p.
933 3860 1083 3915 324-418.
1111 3860 1140 3918 L.
1165 3858 1270 3914 Miiller.
1308 3861 1347 3914 De
1375 3878 1404 3915 re

288 3953 364 4005 matr.
392 3953 461 4018 poet.
488 3950 546 4005 Lat.
574 3966 599 4019 p.
627 3950 680 4003 452
708 3966 747 4018 sq.
794 3950 820 4003 J.
848 3949 957 4017 Machly
989 3949 1148 4002 Schweizer.
1181 3948 1305 4001 Muscam
1335 3950 1404 4005 1864

289 4056 314 4107 p.
338 4040 487 4095 207-259.
528 4039 577 4094 Ed.
600 4039 675 4093 Loch
700 4039 740 4092 De
767 4055 820 4091 nsu
848 4037 1045 4091 allitterationis
1072 4038 1144 4105 apud
1171 4041 1263 4104 poetas
1287 4038 1404 4094 Latinos,

288 4126 402 4181 Disse1t.
420 4127 532 4197 Regim,
552 4144 620 4197 quae
638 4127 738 4196 prodiit
755 4127 834 4180 Halis
852 4127 948 4181 Saron.
969 4126 1046 4181 1865.
1065 4126 1159 4194 Nuper
1176 4126 1257 4179 falsas
1269 4127 1402 4186 Bartschi‚

288 4214 447 4285 Westphali,
472 4217 586 4271 aliorum
612 4218 750 4285 opiniones
769 4217 802 4269 de
820 4233 852 4270 ea
870 4233 898 4269 re
917 4216 1052 4273 refutavit.
1076 4218 1111 4278 Η,
1129 4219 1228 4271 Jordan
1251 4216 1321 4272 Krit.
1341 4216 1404 4270 Bei-

287 4304 361 4373 trage
380 4321 402 4358 z.
422 4305 516 4360 Gesch.
536 4309 562 4363 d.
581 4307 626 4361 lat.
646 4306 703 4374 Spr.
723 4323 748 4374 p.
771 4305 921 4361 167-188.
