3175 5009
781 795 911 906 Vita.

402 1053 593 1130 Ladovicus
614 1066 758 1142 *Carolus
784 1067 977 1130 Guilz'elmus
1001 1066 1188 1129 Elzrentltal
1212 1069 1309 1128 natus
1337 1084 1410 1127 sum

295 1175 464 1257 Augustae
496 1172 700 1235 Trevirorum
728 1191 754 1234 6.
784 1171 811 1233 d.
839 1171 887 1233 IV
914 1171 960 1234 ld.
987 1171 1058 1234 Jan.
1088 1172 1163 1233 anni
1190 1169 1412 1234 MDCOCLIX

293 1278 479 1363 parentibus
509 1278 614 1342 adhuc
637 1279 720 1340 vivis
749 1276 931 1358 Guilielmo,
959 1279 1014 1360 qui
1042 1283 1112 1341 tum
1135 1277 1203 1360 regi
1233 1297 1252 1338 a
1276 1278 1411 1340 consilio

294 1386 487 1469 reipublicae
516 1384 788 1448 administrandae
817 1390 893 1464 erat,
922 1403 1010 1447 nunc
1037 1403 1078 1447 ex
1106 1385 1204 1465 hujus
1227 1386 1305 1447 anni
1336 1404 1412 1448 vere

294 1491 463 1575 Liegnitzii
487 1510 615 1573 praeses
635 1491 748 1573 judicii
774 1491 1021 1554 administrativi
1049 1495 1105 1571 est,
1133 1497 1165 1554 et
1187 1489 1344 1554 Mathilda
1372 1491 1412 1553 de

232 1681 239 1688 ν
293 1603 389 1682 gente
412 1596 615 1680 Hugoniana.
670 1596 760 1660 Fidei
789 1597 937 1661 addictus
966 1619 1040 1662 sum
1068 1597 1280 1680 evangelicae.
1328 1595 1410 1659 (lum

293 1707 424 1768 tertium
456 1706 542 1766 vitae
573 1724 693 1766 annum
728 1723 865 1787 agerem,
900 1709 990 1787 pater
1022 1702 1294 1783 Mariaeinsulam,
1324 1702 1412 1766 Visi-

293 1811 459 1875 borussiae
484 1810 646 1893 oppidum,
669 1810 791 1890 eodem,
815 1830 880 1892 quo
903 1812 993 1893 prius
1016 1809 1147 1872 functus
1172 1813 1249 1886 erat
1276 1829 1412 1872 munere

294 1920 413 1982 missus
437 1923 492 1981 est.
523 1916 574 1979 lbi
597 1918 777 1999 gymnasie,
802 1917 887 2000 quod
913 1918 1008 1980 etiam
1032 1936 1123 1978 nunc
1146 1915 1237 1978 floret
1260 1917 1412 1998 auspiciis

191 2007 197 2018 ’
294 2027 354 2086 viri
388 2024 562 2087 doctissimi
594 2021 766 2105 Toeppeni,
803 2044 859 2107 per
889 2025 1040 2087 undecim
1074 2042 1176 2084 annos
1208 2022 1412 2105 frequentato

293 2131 486 2193 maturitatis
504 2130 724 2192 testimonium
745 2127 903 2193 autumno
921 2132 996 2192 anni
1013 2127 1300 2191 MDOCOLXXVI
1315 2128 1412 2211 adep·

293 2244 347 2300 tus
370 2235 522 2318 lipsiam,
545 2241 580 2297 ut
599 2237 683 2317 juris
707 2238 927 2300 consultorum
953 2236 1077 2300 scholas
1102 2236 1234 2315 adirem,
1261 2217 1313 2297 me
1337 2254 1411 2297 6611-

293 2344 362 2424 1611,
386 2344 443 2407 sed
466 2361 543 2404 mox
567 2346 687 2404 aestate
710 2344 786 2405 anni
803 2341 1105 2405 MDCOOLXXVII
1129 2347 1252 2404 mutato
1276 2342 1410 2404 consilio

293 2449 459 2532 Tubingae
491 2448 682 2531 philologiae
718 2450 837 2512 studui.
896 2448 1021 2512 Deinde
1055 2468 1112 2531 per
1146 2450 1209 2511 tria
1243 2450 1410 2511 semestria

292 2552 437 2619 Beroliui
459 2559 603 2618 moratus
628 2553 866 2638 Regimontium
899 2575 951 2618 me
974 2556 1105 2636 contuh,
1137 2555 1193 2618 ubi
1221 2574 1278 2638 per
1307 2545 1409 2618 iruuni
1481 2611 1484 2620 ,

294 2647 447 2725 semestre
470 2663 700 2745 proseminarii,
728 2681 785 2744 per
812 2663 874 2724 tria
897 2664 1061 2726 seminarii
1084 2662 1267 2746 philologici
1292 2662 1410 2725 sodalis

292 2770 348 2831 fui.
373 2768 502 2832 Scholas
518 2767 718 2852 trequentavi
736 2769 852 2831 herum
868 2770 1011 2833 virorum
1028 2770 1210 2833 doctorum:
1227 2766 1406 2849 Tubingae:

294 2876 519 2953 Gutscamz'dz'a
531 2876 689 2958 Hermi,
701 2878 875 2954 Komaiai,
886 2877 1067 2950 Schwabz'z'3
1076 2875 1231 2938 Berolini:
1244 2878 1281 2938 E.
1291 2877 1409 2952 Curtii,

292 2984 386 3065 cujus
410 2982 691 3045 exercitationibus
715 2984 962 3065 archaeologicis
978 3002 1035 3066 per
1050 2984 1112 3044 tria
1127 2982 1293 3045 semestria
1309 2983 1409 3043 inter-

291 3088 1408 3184 61111666661661666166,1166661·;Β6ς111166111;6666116661,
1502 3155 1507 3172 λ

293 3198 555 3278 Friedlaenderi,
566 3197 722 3273 Jordani,
736 3197 915 3278 Larinatem,
927 3198 1070 3273 Rueala',
1084 3197 1256 3260 Schadenz'.
1281 3193 1407 3269 Quibus

189 3343 192 3348 ·
294 3301 453 3383 omnibus,
483 3302 539 3365 sed
567 3303 707 3366 maxime
730 3306 768 3367 E.
791 3304 914 3384 Curtio,
948 3305 1218 3380 Friedlaendem,
1244 3299 1410 3379 Jordanm

296 3410 415 3472 Carolo
434 3411 549 3473 Crusio
565 3410 747 3492 provinciae
757 3409 997 3473 Visiborussiae
1016 3430 1034 3471 a
1050 3411 1192 3491 consiliis
1209 3409 1408 3471 scholasticis

293 3520 421 3598 propter
443 3515 594 3578 eximiam
619 3516 875 3580 benevolentiam
900 3517 1019 3599 gratias
1043 3536 1100 3598 ago
1118 3536 1215 3598 quam
1238 3516 1407 3577 maximas.

381 3623 420 3686 A.
439 3622 468 3685 d.
486 3620 570 3685 Xlll
586 3619 656 3687 Kal.
675 3623 757 3707 Aug.
783 3642 919 3687 examen
935 3624 1117 3705 rigorosum
1133 3623 1258 3705 egregie
1275 3620 1408 3684 absolvi.
1430 3635 1432 3640 ’
