3175 5009
754 421 794 481 13

217 615 290 674 ate
313 611 456 693 optinere
483 609 627 692 potuisti,
655 613 693 672 ut
715 610 795 671 mihi
819 608 917 671 verbo
941 608 1077 671 salutem
1100 606 1332 690 responderes'.

217 739 247 801 p.
273 718 314 780 79
337 738 367 780 v,
393 717 409 777 1
434 735 492 799 pro
516 735 553 778 eo
578 716 664 799 quod
688 717 786 779 unioe
809 720 935 779 rectum
959 720 1015 796 est,
1038 713 1171 777 ‘verum'
1196 713 1262 776 ood.
1286 734 1333 795 pr.

219 845 305 887 man.
337 823 492 887 ‘verbum'
517 822 648 887 exhibit.
695 822 860 886 Contrario
884 844 913 905 p.
939 822 990 903 65,
1016 822 1056 882 14
1080 823 1114 884 in
1142 822 1229 884 linea
1251 820 1332 883 falso

218 975 320 1038 codex
348 974 435 1037 ‘veri’
464 975 574 1057 habet,
602 975 658 1039 sed
684 980 769 1038 reete
792 975 1045 1058 superscriptum
1071 981 1119 1035 est
1141 972 1171 1034 b.
1195 930 1331 1054 (until).

221 1082 321 1145 Porro
349 1102 378 1165 p.
403 1081 444 1145 63
469 1102 497 1144 v.
524 1082 563 1143 17
601 1082 687 1165 apud
717 1080 882 1145 Naberum
905 1081 1083 1144 invenitur:
1119 1079 1333 1162 ‘insperatum

217 1194 324 1252 autem
356 1193 452 1272 atque
474 1189 676 1271 inopinatum
698 1208 790 1252 vero
814 1188 952 1272 appello,
987 1187 1073 1271 quod
1096 1191 1221 1269 praeter
1244 1205 1333 1269 spem

217 1299 314 1378 atque
344 1296 527 1379 opinionem
551 1296 751 1359 audientium
776 1300 832 1358 aiit
853 1295 1030 1377 tegentium
1052 1292 1202 1377 ponitur’.
1249 1292 1289 1355 H.
1312 1292 1332 1354 l.

217 1401 248 1464 N
249 1401 366 1464 aberus
389 1403 471 1464 mira
494 1403 639 1465 socordia
651 1422 717 1465 uon
733 1402 898 1465 adnotavit
913 1400 990 1482 Maji
1006 1401 1222 1482 conjecturam
1239 1400 1332 1461 unioe

217 1527 326 1570 veram
358 1491 569 1592 ‘inopinatum
598 1509 718 1573 verbu
728 1508 780 1590 m',
805 1528 869 1592 qua
895 1504 935 1570 re'
954 1507 1106 1591 deceptus
1130 1504 1333 1569 Studemund

217 1614 236 1676 l.
261 1635 285 1677 o.
308 1636 337 1698 p.
350 1614 495 1698 XXXII,
520 1618 575 1699 qui
599 1618 628 1679 h.
651 1618 670 1678 l.
695 1616 796 1679 solam
819 1614 940 1677 Naberi
963 1615 1134 1677 editionem
1153 1613 1333 1695 inspexisse

219 1721 354 1803 videtur,
378 1723 489 1785 eadem
509 1724 693 1805 conjectura
711 1723 835 1805 primus
852 1741 964 1784 sanare
981 1719 1041 1783 sibi
1058 1722 1147 1783 visus
1163 1723 1211 1782 est
1226 1719 1333 1781 locum

213 1828 406 1909 jamdudum
429 1836 641 1912 persanatum.

305 1931 358 2005 Ad
384 1930 430 2005 Μ.
462 1932 554 2007 Gaas.
577 1932 675 2007 1114
702 1966 744 1997 =
770 1957 802 2028 p.
825 1933 868 2006 43
895 1957 925 2006 v.
955 1931 1050 2027 deq.
1096 1934 1214 1997 Fronto
1246 1938 1332 2017 post-

221 2060 318 2123 quam
352 2043 386 2103 iu
419 2042 569 2107 omnibus
603 2044 701 2107 rebus
725 2043 870 2107 Caesaris
895 2044 978 2106 dioto
1002 2062 1036 2105 se
1060 2041 1242 2103 audientem
1264 2039 1332 2102 fore

221 2145 390 2211 affirmavit
412 2150 532 2213 hauooe
556 2137 724 2235 epistulam
749 2150 849 2213 addit:
874 2149 1002 2212 ‘Clausa
1021 2150 1089 2231 jam
1113 2154 1144 2211 et
1166 2146 1333 2230 obsignata

221 2254 356 2335 epistula
378 2257 482 2338 priore
505 2259 595 2320 venit
618 2260 696 2321 mihi
719 2260 752 2320 in
776 2262 917 2321 mentem
940 2257 1008 2320 fore
1030 2258 1078 2319 uti
1094 2252 1167 2340 ei43)
1185 2255 1241 2337 qui
1260 2274 1332 2316 oau-

221 2378 288 2421 sam
317 2361 399 2424 hano
427 2370 522 2446 agent
556 2400 599 2411 -‹
634 2367 737 2428 acturi
764 2371 872 2450 autem
903 2363 1082 2448 complures
1115 2362 1267 2425 videntur
1290 2398 1323 2405 —-

219 2465 326 2529 dicant
357 2469 478 2552 aliquid
510 2473 544 2533 in
566 2471 730 2535 Herodem
760 2473 1000 2551 inolenrentius3
1023 2457 1086 2533 foui
1109 2470 1156 2533 rei
1180 2468 1333 2552 quemad-

217 2575 350 2637 modum
373 2596 428 2639 me
451 2599 567 2641 unum
586 2584 691 2663 putas,
713 2579 880 2663 prospice]¹
927 2577 1030 2653 Quam
1049 2579 1193 2661 ineptum
1210 2576 1251 2639 sit
1273 2576 1333 2637 ‘me

217 2682 341 2765 unnm’,
365 2685 451 2747 oaeei
466 2685 631 2751 videbunt.
657 2685 745 2769 Oonj.
760 2684 1062 2770 ‘quemadmodum’,
1074 2704 1203 2748 verum
1219 2680 1332 2765 putas’

218 2789 255 2851 of.
289 2790 400 2853 eodem
435 2792 616 2874 significatu
647 2813 779 2857 verum
811 2799 1003 2877 usurpatum
1035 2813 1063 2876 p.
1087 2793 1130 2853 42
1154 2813 1183 2853 v.
1209 2791 1226 2858 1
1251 2791 1333 2873 ‘pro-

218 2896 309 2959 telari
342 2899 495 2962 conuiuiis
523 2901 619 2963 talem
644 2901 868 2964 amorinum
891 2919 958 2962 non
981 2905 1028 2962 est
1050 2896 1183 2961 verum'.
1230 2895 1333 2959 Causa

219 3005 416 3087 corruptelae
458 3006 572 3074 ultima
614 3006 705 3072 verbi
747 3005 1040 3090 ‘quemadmodum’
1080 3006 1185 3066 littera
1218 3005 1333 3065 vitiose

217 3110 330 3174 iterata
364 3116 395 3175 et
428 3114 607 3178 litterarum
641 3137 664 3178 u
688 3120 759 3179 ete
788 3116 865 3178 ordo
899 3114 981 3177 falso
1013 3113 1201 3185 immutatus
1233 3109 1333 3172 fuisse

216 3216 352 3280 videtur.

290 3320 358 3413 =Ad
379 3320 424 3394 Μ.
450 3322 542 3397 Caes.
565 3322 619 3397 [Π
641 3348 682 3384 =
704 3349 735 3421 p.
758 3327 803 3399 45
826 3350 856 3399 v.
880 3325 930 3398 10.
968 3328 1155 3411 ‘Imaginem
1179 3345 1278 3409 quam
1300 3329 1332 3387 te

218 3450 370 3511 quaerere
393 3434 440 3495 ais
464 3453 580 3516 meque
603 3434 662 3496 tibi
685 3436 807 3498 sooium
829 3435 869 3497 ad
885 3435 1107 3516 quaerendum
1123 3438 1155 3497 et
1171 3434 1333 3515 optionem

217 3534 373 3624 sumis44)‚
404 3560 484 3602 num
512 3541 645 3605 moleste
668 3542 758 3624 feres,
786 3543 814 3605 si
838 3544 960 3604 intuo
984 3547 1081 3625 atque
1105 3543 1139 3603 in
1162 3541 1210 3602 tui
1232 3539 1332 3622 patris

217 3644 291 3706 sinu
323 3646 356 3708 id
385 3646 574 3730 futurum45)
608 3648 803 3733 quaeram‘t].
849 3649 959 3732 Imago
992 3668 1088 3731 quam
1112 3646 1332 3729 disoipidusa

216 3752 367 3833 magistro
390 3756 538 3837 petierat,
565 3776 726 3839 quamque
749 3758 776 3819 is
797 3758 863 3838 Jam
887 3756 995 3837 mitt't,
1018 3756 1095 3817 haee
1118 3759 1178 3816 est:
1207 3752 1261 3816 ‘Ut
1283 3753 1332 3814 iu-

305 4009 351 4077 43)
371 4026 385 4062 a
404 4013 557 4080 conjectura
574 4012 609 4065 M.
629 4011 741 4080 Hauptii
760 4011 857 4080 Opuso,
876 4011 917 4064 111
936 4029 961 4079 p.
980 4013 1039 4067 563.
1060 4012 1117 4064 cod.
1137 4012 1176 4063 et.

306 4098 351 4167 44)
370 4100 559 4154 Anaeoluthon
576 4102 649 4154 haud
668 4102 824 4169 infrequens
837 4104 878 4154 est
895 4101 924 4153 iu
943 4101 987 4154 his
1005 4101 1145 4169 epistulis:
1165 4104 1199 4157 ef.
1220 4120 1242 4160 e.
1262 4121 1286 4172 g.
1305 4106 1330 4171 9,

222 4183 263 4238 10.
284 4185 326 4254 36,
345 4190 370 4244 2.
390 4190 433 4257 46,
452 4191 495 4248 14,
513 4190 557 4260 48,
585 4192 610 4245 4.
630 4193 672 4257 56,
703 4192 727 4244 3.
747 4192 789 4258 66,
818 4192 859 4245 24.
878 4189 922 4258 88,
950 4191 992 4244 13.
1012 4192 1054 4258 94,
1083 4193 1116 4245 17
1143 4194 1171 4243 et
1197 4194 1230 4246 21
1262 4192 1331 4263 (rof.

215 4270 335 4328 Klussm.
348 4293 373 4343 p.
385 4278 418 4329 51
439 4281 467 4330 et
487 4280 547 4336 adn¹
563 4277 699 4349 w.).)139,
715 4278 756 4333 16.
776 4279 898 4350 Ebortus
918 4283 1020 4334 utnon
1037 4297 1124 4348 pauoa
1146 4279 1208 4350 alia,
1231 4281 1329 4337 omisit¹

308 4365 354 4432 45)
373 4365 415 4419 Ita
434 4368 499 4435 eod,
518 4368 565 4420 sod
584 4383 636 4421 soe.
656 4385 737 4422 inanu
756 4369 873 4423 ‘fietuust
910 4369 1044 4437 Solropen:
1064 4371 1209 4424 edicturus.
