3175 5009
734 393 774 455 37

286 580 462 664 Postquam
494 583 652 661 videmus,
687 582 772 645 haud
805 602 937 664 parvam
967 588 1087 666 partein
1122 604 1242 662 eorum,
1273 586 1312 649 de

199 687 317 770 quibus
350 691 494 771 quaestio
529 690 578 771 fit,
613 690 834 773 exemplorum
865 709 882 753 e
909 690 1071 754 veteribus
1103 693 1312 776 scriptoribus

199 796 399 879 desumptam
435 816 512 875 esse,
545 816 652 860 nonne
685 796 803 879 optimo
830 798 904 879 jure
934 816 976 860 ex
1004 816 1041 860 ea
1064 817 1099 861 re
1123 799 1315 863 concludere

196 922 381 986 possumus,
404 904 499 966 etiarn
524 923 541 966 e
565 905 678 967 ceteris
702 905 935 968 allitterationis
958 905 1113 987 exemplis
1137 907 1245 968 omnia
1267 926 1313 984 ea,

197 1008 254 1072 ubi
278 1010 418 1073 vividius
442 1016 473 1073 et
488 1010 627 1073 validius
646 1011 827 1074 allitteratio
846 1011 887 1073 ad
906 1029 999 1074 aures
1020 1016 1146 1075 nostras
1160 1018 1314 1096 penetret,

199 1117 310 1179 eodem
346 1117 440 1181 modo
469 1119 621 1202 epriscis
655 1118 771 1181 litteris
805 1116 927 1180 Latinis
962 1118 1103 1181 derivata
1137 1120 1228 1182 esse?
1273 1121 1313 1183 In

199 1223 317 1305 quibus
340 1224 418 1287 haee
441 1226 581 1288 maxime
605 1244 753 1288 numero:
777 1224 996 1290 ‘subserviunt
1018 1225 1077 1288 sub
1098 1228 1213 1310 jugum
1237 1226 1313 1291 sub-

199 1335 288 1393 actae
306 1331 388 1412 614.
411 1330 490 1394 falsa
512 1331 629 1394 fiducia
653 1331 859 1395 multifariam
883 1331 1003 1395 labitur
1020 1332 1100 1414 62,2.
1124 1333 1220 1397 fortia
1237 1333 1313 1397 faci-

198 1456 277 1499 nora
317 1436 453 1501 fecimus
498 1439 624 1520 abaco,
663 1440 785 1522 stagnis
828 1437 947 1522 Stygiis
985 1440 1102 1522 228,25
1138 1437 1190 1526 [cf.
1217 1440 1313 1525 Verg.

198 1669 256 1722 his:
282 1669 323 1722 iac
342 1685 385 1722 me
403 1675 434 1721 ut
460 1668 544 1722 sciam
563 1669 642 1737 57,14
666 1668 732 1736 [Ter.
752 1666 849 1722 Heaut.
874 1668 977 1737 1132]
1002 1668 1116 1722 insidias
1139 1668 1210 1723 locat
1233 1672 1309 1738 215,l

200 1757 249 1826 [Pl.
274 1757 343 1812 Rud.
368 1759 395 1812 Π
413 1759 481 1827 5,17.
506 1758 583 1812 euro.
607 1756 708 1825 1125.
744 1756 830 1810 Lucil.
857 1755 910 1811 Sat.
928 1756 1066 1810 XXVIII]
1084 1759 1134 1812 117
1159 1758 1312 1828 (Mueller).]

198 1846 263 1913 quid
282 1846 351 1898 mihi
374 1846 509 1900 tecumsi?
534 1847 613 1910 7014
639 1846 689 1915 [el.
709 1845 779 1901 Men.
793 1846 818 1898 V
832 1846 905 1915 wi]
932 1862 1075 1900 aemmnae
1092 1846 1203 1900 Herculi
1226 1848 1313 1912 203,4.

200 1934 277 2001 158,2
303 1934 352 2004 [Pl.
372 1933 449 2004 Epid.
472 1935 500 1989 Π
521 1936 587 2002 l,10.
618 1934 692 1990 Pers.
716 1934 730 1987 Ι
750 1934 792 2002 1,2
817 1936 851 1987 cf.
878 1934 933 1988 Cic.
959 1936 991 1987 de
1015 1935 1061 1990 fin.
1085 1935 1168 2003 1135
1187 1936 1313 1991 Herculis

198 2040 340 2077 aerumnas
358 2025 469 2094 perpeti.
506 2024 550 2078 Sic
576 2025 648 2077 enim
674 2024 786 2091 majores
810 2024 894 2076 nestri
912 2023 1016 2077 labores
1034 2040 1087 2077 non
1105 2025 1245 2092 fugiendos
1263 2026 1312 2078 tri·

199 2112 317 2167 stissimo
344 2116 434 2167 tamen
462 2114 543 2166 verbo
568 2127 710 2166 aerumnas
737 2111 818 2164 etiarn
836 2111 872 2163 in
885 2112 934 2165 deo
952 2113 1166 2169 nominaverunt.
1203 2112 1314 2182 Madvig

199 2201 232 2254 ad
251 2202 277 2256 h.
290 2202 308 2256 l.
328 2203 380 2255 duo
398 2202 522 2270 exempla
539 2201 718 2255 Frontoniana
735 2200 872 2268 ignorasse
886 2200 1009 2269 videtin]
1045 2200 1190 2256 Praeterea
1202 2202 1313 2256 fortasse

199 2289 330 2357 suspicari
343 2286 513 2358 possumus,
542 2290 578 2344 M.
604 2288 744 2342 Aurelium
768 2290 829 2356 35,7
857 2289 892 2342 ‘et
916 2306 992 2343 meus
1017 2306 1059 2343 me
1083 2289 1166 2358 alipta
1190 2290 1313 2343 faucibus

198 2379 316 2445 urgebat'
332 2380 422 2447 jocose
439 2396 520 2432 usum
538 2394 596 2432 esse
615 2377 723 2432 Catonis
741 2378 823 2431 verbo
841 2378 925 2432 nobili
944 2395 986 2447 ap.
1007 2378 1115 2432 Sallust.
1129 2378 1206 2434 Catil.
1220 2380 1312 2447 5235:

200 2466 324 2521 ‘Catilina
342 2484 403 2521 cum
422 2468 543 2522 exercitu
561 2467 683 2521 faucibus
702 2465 795 2535 urget'.
809 2498 841 2505 —
855 2466 979 2521 Ceterum
998 2467 1131 2535 poeticum
1149 2467 1248 2520 iontem
1268 2484 1312 2521 su·

199 2555 287 2623 spicer
308 2557 402 2609 barum
423 2558 585 2611 dictionum:
610 2555 760 2609 mulcendis
778 2554 851 2623 volgi
869 2557 979 2610 auribus
998 2558 1067 2617 221.
1087 2572 1149 2608 curn
1166 2555 1255 2611 labore
1273 2557 1313 2611 la-

198 2645 334 2698 boriosum
357 2645 436 2714 48,ae
464 2647 664 2715 argutissimam
688 2646 799 2701 strofam
824 2645 893 2712 55,8.
920 2645 1057 2713 negotium
1081 2644 1149 2698 belle
1174 2661 1202 2698 se
1227 2646 1313 2713 dedit3

199 2733 304 2804 benest,
333 2736 435 2803 gaudeo
460 2737 545 2804 7517.
572 2736 616 2804 [cl.
643 2735 682 2791 Pl.
709 2734 786 2795 Most.
812 2735 905 2804 I3‚50
933 2735 1006 2788 Bene
1033 2733 1123 2787 hercle
1148 2733 1256 2801 iactum,
1287 2737 1314 2788 et

199 2825 301 2891 gaudeo
324 2841 362 2893 sq.
388 2826 413 2878 V
432 2824 492 2892 2,ἳὸ
515 2824 589 2878 Bene
613 2824 703 2878 hercle
730 2825 843 2892 factum,
872 2826 899 2875 et
921 2822 1023 2876 factum
1047 2823 1157 2890 gaudeo.
1188 2822 1269 2879 Poen.
1288 2824 1314 2876 V

200 2913 260 2981 5,47
287 2914 361 2967 Bene
383 2912 498 2974 iactum!
526 2915 627 2982 gaudeo
649 2915 676 2966 et
700 2913 777 2981 volup
802 2915 843 2966 est
867 2911 943 2965 mihi.
989 2911 1046 2964 Ter.
1073 2910 1181 2965 Phorm.
1209 2911 1235 2962 V
1253 2912 1315 2981 6,43

199 3001 281 3069 Bene,
301 3003 338 3056 ita
356 3020 399 3056 me
418 3003 446 3056 di
461 3005 557 3070 ament
577 3003 685 3070 facturn,
709 3002 811 3070 gaudeo
829 3017 869 3069 sq.
905 3000 940 3053 lit
956 3000 1129 3068 paucissimis
1147 3000 1257 3054 mutatis
1275 3017 1310 3054 ex

199 3089 236 3145 M.
256 3091 377 3146 Caesaris
397 3092 485 3146 verbis
505 3094 582 3163 aar?
602 3092 690 3146 evadit
707 3106 812 3145 versus.

394 3179 468 3234 Belle
487 3198 516 3235 se
535 3178 607 3234 dedit
626 3179 770 3250 negotium,
789 3180 890 3247 honest,
910 3178 957 3246 [et]
976 3175 1097 3245 gaudeo]

162 3255 165 3262 ⁴
201 3269 396 3337 aliquantulum
420 3270 530 3324 detrivit
553 3270 621 3323 mihi
644 3269 731 3337 8312.
760 3269 844 3322 vitam
870 3283 918 3335 pro
941 3264 1087 3332 unguiculo
1110 3267 1156 3320 tuo
1182 3266 1315 3319 dediderit

200 3359 286 3427 96,13.
312 3360 344 3412 de
368 3360 480 3427 integris
503 3359 638 3426 tegoribus
663 3360 756 3420 141,17
784 3358 828 3425 [cl.
853 3355 971 3410 Studem.
998 3354 1016 3412 l.
1036 3371 1058 3412 c.
1077 3372 1102 3423 p.
1122 3354 1230 3424 XXXl]
1254 3356 1315 3409 lusa

201 3448 236 3500 sit
264 3465 343 3516 opera
363 3465 396 3502 au
421 3447 508 3501 locata
532 3447 619 3516 auu.
643 3447 724 3501 ferias
748 3463 830 3514 quam
853 3445 962 3498 feriatas
985 3445 1071 3512 223,1.
1096 3444 1205 3513 siquid
1229 3445 1315 3498 malae

200 3554 304 3605 pugnae
327 3538 456 3591 acciderit
480 3536 584 3598 22010.
609 3535 765 3589 convivium
793 3534 897 3602 regium
926 3533 1041 3601 agitares
1066 3534 1170 3603 224,15.
1195 3533 1315 3587 altilibus

202 3629 321 3679 veterum
345 3627 499 3693 saginarum
524 3625 627 3693 224‚17.
651 3624 681 3677 iu
703 3624 848 3691 triumphis
872 3622 990 3684 mulsum
1014 3623 1121 3690 saepius
1145 3622 1213 3676 bibit
1236 3622 1315 3690 226,b

203 3715 280 3784 [quae
308 3715 389 3770 verba
416 3717 516 3770 habent
546 3730 641 3768 sonum
665 3713 851 3781 trochaicum}
879 3713 983 3780 potavit
1012 3712 1077 3765 satis
1105 3718 1212 3764 strenue
1238 3711 1315 3778 226,4

201 3805 243 3873 (cl.
270 3805 366 3875 133‚4).
392 3805 562 3874 prandiorum
592 3802 740 3871 opimorum
770 3817 873 3855 esorem
902 3800 1033 3870 optimum
1056 3800 1142 3871 226,9.
1166 3801 1316 3854 saturatum

201 3897 228 3946 et
249 3894 373 3947 feriatum
399 3894 502 3957 22624.
532 3909 618 3961 neque
641 3908 763 3945 mensum
791 3906 879 3959 neque
908 3905 1020 3957 pensum
1044 3888 1149 3957 233,12.
1174 3888 1313 3942 materiam

201 3985 337 4038 cruentam
367 3967 453 4052 2531).
481 3982 580 4037 bellum
616 3980 731 4034 indixtei
757 3979 838 4046 ludo,
873 3978 927 4032 otio
956 3977 1041 4044 227,6.
1074 3977 1178 4033 fabum
1208 3979 1314 4031 nectere

203 4071 306 4141 17815.
338 4075 418 4141 caput
451 4071 585 4126 aemulum
621 4069 737 4123 nubibus
766 4068 864 4122 addere
895 4067 981 4134 aret.
1011 4067 1061 4121 fleo
1099 4066 1215 4119 ubertim
1246 4067 1315 4137 74‚3.

201 4141 306 4231 168‚15:
335 4162 410 4215 dictu
437 4159 615 4229 periculosum
645 4161 672 4212 et
700 4173 783 4227 paene
815 4156 998 4210 obstetricium
1031 4156 1096 4225 [ubi‚
1121 4155 1145 4208 si
1169 4155 1313 4209 scribimus

200 4241 379 4319 ‘periclesum‘
400 4266 473 4304 more
492 4249 609 4316 antiquo,
629 4247 745 4317 optimus
764 4246 886 4300 senarius
904 4246 1008 4299 evadit:

434 4336 508 4393 dictu
525 4335 686 4407 periclosum
704 4334 731 4391 et
749 4352 832 4406 paene
851 4332 1053 4404 obstetricium}
