3175 5009
716 405 757 469 35

178 595 290 680 Neque
313 598 400 659 enim
422 615 480 679 per
503 615 537 658 se
558 594 746 658 incredibile
762 600 818 674 est,
841 594 1036 658 Frontonem
1054 595 1296 678 discipulosque

178 704 213 764 in
236 706 282 765 131
304 701 401 765 rebus
424 703 624 784 antiquitatis
648 706 819 764 sectatores
841 702 927 785 ipsos
948 702 1165 765 allitterationi
1182 701 1295 764 studu-

179 810 252 888 isse,
276 828 341 892 quo
363 810 507 892 ipsorum
524 809 659 871 crationi
677 808 826 871 ‘colorem
844 808 1051 871 vetusculum
1068 808 1296 892 appingerent’.

267 915 371 999 Igitur
389 917 458 997 jam
489 914 583 977 nobis
607 916 827 997 quaerendum
851 917 935 996 erit7v
951 936 1030 978 num
1062 916 1097 979 hi
1128 916 1296 999 scriptores

180 1023 241 1105 ipsi
265 1021 489 1085 allitteratione
512 1023 564 1084 usi
584 1022 657 1103 sint,
680 1027 720 1102 et,
744 1023 771 1085 si
787 1022 850 1084 tale
865 1022 1045 1103 putandum
1062 1023 1131 1105 erit,
1155 1041 1297 1106 quonam

178 1129 273 1191 modo
297 1132 328 1192 31
351 1128 545 1212 quibusnam
570 1128 690 1191 finibus
714 1129 748 1191 id
771 1128 913 1191 fecerint

268 1234 310 1298 Et
339 1237 482 1318 primum
515 1235 645 1317 quidem
678 1254 752 1298 cum
775 1234 921 1298 Naelrius
953 1234 972 1296 Ι.
1002 1253 1027 1298 3.
1061 1233 1113 1318 (of.
1137 1237 1296 1320 imprimis

178 1363 207 1426 p.
232 1339 308 1423 402)
333 1323 514 1423 ostenderit,
538 1342 772 1405 allitterationis
796 1341 941 1405 studium
964 1360 1039 1403 cunr
1062 1343 1131 1426 ipso
1150 1362 1297 1406 sermone

178 1447 293 1511 Latino
316 1453 439 1529 natum,
463 1467 653 1531 semperque
675 1449 737 1531 ipsi
759 1448 900 1530 linguae,
922 1467 988 1511 non
1010 1449 1069 1511 soli
1084 1451 1207 1533 poetico
1224 1451 1296 1513 stilo

179 1556 314 1617 insitum
338 1574 443 1638 neque
466 1575 623 1639 umquam
646 1574 778 1639 prorsus
794 1555 988 1617 exstinctum
1005 1555 1112 1639 fuisse,
1137 1576 1174 1620 ea
1189 1559 1297 1620 omnia

181 1663 413 1725 allitterationis
436 1662 584 1745 exempla
606 1660 833 1741 Frontoniana‚
864 1680 947 1743 quae
975 1680 1017 1724 ex
1040 1665 1205 1726 communi
1230 1684 1321 1727 om·-

179 1769 271 1831 nium
306 1787 452 1831 sermone
487 1767 647 1830 cotidiano
680 1768 793 1831 bansta
826 1772 915 1848 sunt,
947 1769 1159 1833 excludemus
1192 1789 1297 1854 segre-

180 1874 392 1958 gabimusque
416 1873 455 1937 ab
479 1875 539 1937 bac
563 1875 759 1957 quaestione.
805 1873 895 1937 Inter
915 1894 999 1957 quoe
1015 1880 1093 1939 sunt
1115 1895 1141 1939 e.
1157 1898 1186 1960 g.
1202 1878 1295 1940 haec:

179 1981 366 2044 funduntur
397 1980 550 2064 fugantur
585 1979 688 2063 1021.
723 1981 827 2061 leae.
863 1983 1036 2064 propitium
1071 1988 1103 2045 et
1135 1983 1297 2068 placatum

182 2089 286 2170 25,18.
311 2088 415 2168 6730.
438 2097 566 2171 'corpus
590 2106 669 2151 cura
691 2087 776 2168 lep.
810 2087 891 2151 forte
918 2087 1049 2151 fortuna
1074 2089 1177 2170 95‚ll.
1213 2090 1297 2152 diem

182 2194 221 2257 de
244 2195 297 2257 die
320 2195 439 2258 ducent
464 2195 546 2278 15‚6.
580 2213 688 2278 neque
715 2195 838 2258 vincire
865 2213 971 2279 neque
998 2194 1168 2259 verberare
1193 2196 1297 2276 2142.

181 2300 281 2364 verbo
295 2305 403 2364 vetere
420 2302 525 2378 2252.
550 2301 684 2363 minime
699 2302 799 2364 miror
816 2301 942 2382 105,17.
963 2307 995 2366 et
1009 2302 1169 2386 permulta
1184 2297 1299 2385 311376)

182 2406 243 2470 His
275 2407 431 2471 accedunt
463 2406 537 2470 talia
561 2408 717 2491 exempla,
750 2408 866 2490 qualia,
902 2411 1049 2492 quamvis
1071 2409 1206 2472 fortasse
1235 2427 1301 2471 333

184 2516 341 2579 33333313
373 2515 523 2578 cotidiani
561 2516 700 2600 propria,
737 2521 844 2578 tamen
877 2517 1006 2598 saepius
1037 2516 1125 2599 apud
1157 2517 1301 2579 diversos

183 2622 351 2705 scriptores
382 2628 589 2706 usurpentur,
623 2631 661 2684 ut
696 2623 850 2704 omnium,
886 2623 1076 2706 quicunque
1111 2622 1303 2704 scribebant,

184 2729 370 2791 communia
393 2727 491 2791 tuisse
514 2729 694 2793 videantur.
741 2728 778 2793 n.
803 2751 848 2812 gs
883 2729 997 2792 munia
1027 2729 1300 2806 militiae177‚11

184 2840 217 2898 et
244 2836 285 2896 23
322 2832 426 2917 [Lucr.
457 2835 543 2915 129,
577 2833 663 2897 Caes.
692 2834 728 2897 B.
758 2833 793 2896 (1.
823 2833 947 2922 V117]
982 2835 1075 2899 foeda
1106 2835 1183 2918 tuga
1216 2834 1302 2919 [Sall.

184 2942 257 3026 Jug.
282 2942 364 3023 43,1.
412 2941 486 3003 Val·
505 2940 550 3004 Fl.
574 2940 712 3025 V1723]
740 2961 855 3024 parum
887 2942 1041 3024 pudicum
1071 2941 1188 3026 [Plaut.
1216 2940 1301 3003 'lrin

184 3048 329 3125 ΙΙΙ2,35.
364 3048 434 3111 Val.
457 3046 543 3111 Man.
567 3046 597 3108 V
613 3049 631 3110 3
648 3068 676 3110 v.
695 3046 726 3130 6]
751 3049 878 3110 sineri
901 3052 932 3110 31
954 3048 1064 3129 rigore
1089 3047 1141 3129 (ci.
1169 3047 1301 3130 201‚17)

186 3156 236 3241 [31.
268 3154 355 3218 Loeh
391 3155 410 3216 l.
445 3172 470 3215 c.
503 3173 532 3235 p.
563 3152 616 3236 10]
657 3153 792 3217 nebulas
832 3153 1001 3237 nubesque
1042 3153 1146 3238 [Lucr.
1176 3155 1206 3216 V
1228 3155 1302 3235 253,

184 3263 233 3325 VI
247 3262 340 3325 1099.
367 3257 475 3341 1121].
524 3260 652 3323 nullum
685 3260 763 3325 adeo
795 3262 859 3324 vile
892 3266 949 3323 aut
970 3261 1136 3343 volgatum
1159 3266 1207 3324 331
1230 3310 1237 3323 .
1262 3312 1269 3326 .
1295 3311 1301 3323 .

187 3370 266 3452 quin
291 3366 366 3452 [Cic.
390 3365 482 3428 Rosc.
506 3365 578 3427 Am.
604 3366 654 3427 26.
699 3366 790 3430 Nihil
814 3373 878 3430 tam
901 3367 965 3429 vile
997 3385 1105 3450 neque
1136 3372 1203 3430 tarn
1230 3367 1302 3430 vul-

185 3494 261 3560 gare
285 3478 342 3554 est,
365 3473 457 3553 cujus
481 3470 539 3554 sq]
563 3472 657 3535 valde
672 3474 741 3537 volt
765 3475 857 3557 102‚1
884 3472 1299 3558 [Caes.ap.Cic.Att.14‚l

183 3580 362 3663 *Quidquid
385 3577 464 3657 vult,
496 3578 590 3642 valde
613 3579 704 3661 vult',
737 3581 824 3664 quod
856 3580 1064 3665 proverbium
1086 3580 1188 3643 fuisse
1211 3578 1302 3662 puto]

277 3808 374 3878 76)1n
391 3807 550 3861 universum
568 3824 670 3873 moneo,
695 3826 739 3861 me
763 3809 790 3864 h.
814 3809 832 3867 1.
856 3809 1054 3863 allitterationis
1077 3807 1208 3862 vocabulo
1230 3824 1302 3862 com·

187 3898 265 3967 plecti
285 3914 338 3951 333
357 3895 443 3950 solum
456 3895 534 3965 plura
547 3897 629 3950 verba
640 3897 763 3951 diversae
776 3898 869 3966 stirpis
883 3899 916 3952 ab
929 3898 1022 3951 eadem
1035 3897 1125 3951 littera
1136 3896 1302 3964 incipientia,

189 3989 235 4041 sed
254 3987 335 4040 ctiam
354 4001 386 4038 ea
404 3984 528 4053 exempla
549 3985 597 4038 ubi
620 3986 703 4039 verba
725 3986 845 4054 ejusdcm
869 3986 961 4054 stirpis
984 3988 1184 4053 componantur.
1216 3983 1303 4039 Omisi

189 4093 220 4129 ea
238 4074 369 4142 exempla,
393 4073 440 4126 ubi
459 4072 613 4128 allitteratio
632 4091 693 4127 curn
712 4074 855 4128 verborum
875 4075 965 4143 aliquo
983 4073 1053 4142 lusu,
1077 4074 1154 4142 cujus
1173 4090 1226 4127 non
1243 4091 1304 4129 rara

189 4165 219 4219 in
241 4165 285 4217 his
310 4162 433 4231 epistulis
451 4162 575 4231 exempla
596 4163 625 4215 in
652 4162 740 4231 priore
759 4163 946 4217 dissertatione
965 4179 990 4230 p.
1011 4163 1043 4215 27
1064 4162 1124 4216 adn.
1144 4163 1179 4215 64
1198 4161 1302 4232 collegi,

189 4254 332 4322 conjuncta
353 4256 401 4313 est.
438 4251 606 4320 Quamquam
629 4252 710 4305 etiam
737 4269 771 4304 ex
793 4253 838 4306 his
862 4251 967 4306 lusibus
994 4250 1118 4305 meliores
1136 4267 1151 4302 e
1170 4250 1303 4318 prioribus

189 4343 364 4412 scriptoribus
381 4342 472 4395 hausti
487 4357 546 4395 esse
565 4340 699 4394 videntur.

1088 4441 1121 4493 3*
