3175 5009
835 382 876 441 22

295 573 393 637 finem
405 573 553 637 mutilata
567 573 613 635 ita
629 570 858 656 suppleverim:
874 569 959 633 ‘Jam
974 571 1065 653 prius
1077 573 1266 654 seripseram
1279 570 1346 653 tibi,
1363 591 1413 635 me
1429 568 1435 577 ’

297 681 403 744 umeri
435 680 542 744 dolore
573 683 728 743 vexatum
761 678 807 740 ita
839 676 1045 742 vehementer
1078 677 1224 760 quidem,
1258 682 1295 741 ut
1325 678 1413 741 illam
1454 663 1456 666 ¹

297 787 477 871 epistulam,
500 785 621 870 quaid
645 783 876 869 significabam,
907 783 1076 847 scribendo
1100 784 1175 848 dare
1206 804 1335 868 oporam
1358 804 1413 849 ne-

298 895 439 978 quirem3
464 894 521 958 sed
544 896 651 956 uterer
673 895 785 955 eontra
808 909 930 954 morem
953 896 1098 955 nostrum
1123 890 1278 974 [precaria
1292 891 1413 976 mauu}

299 1000 337 1065 cf.
363 1023 392 1084 p.
421 998 460 1063 71
484 1019 514 1061 v.
539 998 569 1063 6.

385 1102 438 1176 Ad
454 1101 501 1176 Μ.
522 1100 613 1177 Caes.
630 1098 688 1191 IV,
698 1101 737 1175 12
752 1137 797 1161 z
811 1125 843 1196 p.
860 1101 905 1174 74
921 1124 952 1174 v.
968 1102 1007 1174 21
1025 1123 1074 1198 sq.
1119 1104 1236 1169 Narrat
1252 1104 1312 1188 Fr,
1334 1126 1414 1169 non-

297 1233 479 1297 numquam
502 1232 536 1276 se
559 1232 665 1275 ooram
696 1211 901 1294 paucissimis
932 1231 970 1274 ae
998 1211 1257 1277 familiarissimis
1288 1215 1413 1278 suisio

296 1321 340 1389 M.
373 1319 556 1402 Caesarem,
592 1319 677 1401 quod
714 1336 807 1401 saepe
839 1319 960 1381 tristior
995 1339 1093 1401 quam
1127 1340 1185 1403 par
1217 1320 1345 1402 fuisset,
1380 1323 1415 1384 in

297 1423 469 1512 eoetum57)
501 1426 670 1488 hominum
703 1444 894 1508 progressus
925 1430 1009 1489 esset
1040 1427 1092 1490 vel
1124 1428 1161 1488 in
1192 1427 1315 1491 theatro
1339 1448 1414 1492 eon-

297 1535 426 1597 viviove
456 1532 555 1597 libros
587 1531 768 1613 leobtasset,
801 1530 967 1596 absentem
997 1523 1200 1617 gravioribus
1230 1533 1339 1597 verbis
1365 1536 1415 1597 in-

297 1644 428 1704 vectum
462 1659 545 1704 esse:
592 1638 683 1702 ‘Turn
720 1638 818 1721 igitur
851 1642 882 1701 te
919 1639 1039 1702 durum
1082 1643 1114 1703 et
1151 1641 1413 1723 intempestivum

297 1748 475 1829 homiuem,
506 1746 651 1809 odiosum
677 1745 772 1808 etiam
804 1745 853 1808 ira
882 1746 1024 1828 percitus
1055 1747 1262 1829 appellabam.
1313 1746 1415 1831 Quod,

297 1856 325 1918 si
349 1855 422 1939 quis
455 1854 539 1917 alius
571 1851 682 1917 eodem
716 1855 747 1914 te
780 1852 926 1916 convicio
959 1854 1110 1917 audiente
1142 1874 1194 1918 me
1217 1855 1415 1937 detrectaret,

298 1981 402 2045 aequo
434 1961 541 2024 animo
572 1958 685 2022 audire
716 1977 782 2020 non
815 1963 966 2041 poteram.
1011 1959 1061 2022 Ita
1083 1959 1162 2022 milri
1189 1960 1315 2025 facilius
1338 1967 1414 2045 erat,

296 2069 403 2151 ipsum
426 2067 547 2150 loqui,
580 2084 678 2148 quam
708 2066 788 2128 alios
821 2065 861 2128 de
895 2069 926 2128 te
958 2067 1090 2148 sequius
1116 2067 1194 2149 quid
1218 2067 1322 2131 dicere
1345 2088 1414 2152 per·

297 2172 394 2258 peti’].
443 2171 548 2247 Quam
570 2171 724 2255 frigidum
746 2171 1006 2256 languidumque
1037 2173 1120 2236 illud
1144 2172 1282 2257 simplex
1305 2174 1414 2258 ‘loqui’

299 2281 349 2362 sit,
372 2279 430 2343 ubi
452 2279 587 2364 gravius
610 2277 815 2361 vituperandi
833 2276 969 2342 verbum
993 2285 1224 2363 exspectamus
1251 2283 1413 2346 neminem

298 2406 364 2451 non
380 2387 499 2451 sentire
515 2384 659 2449 arbitror.
705 2383 821 2467 Itaque
842 2423 878 2429 —
897 2387 1047 2469 quamvis
1063 2407 1127 2451 non
1144 2408 1276 2471 prorsus
1292 2394 1415 2453 certum

298 2494 337 2558 de
371 2515 409 2557 ea
445 2512 480 2557 re
512 2493 670 2574 judicium
702 2492 744 2554 sit
779 2528 821 2536 -
856 2493 938 2575 conj.
970 2493 1086 2576 ‘ipsum
1117 2494 1293 2580 [ob]loqui'‚
1327 2497 1415 2579 quod

296 2600 434 2664 verbum
465 2600 577 2663 eodem
608 2618 706 2663 sensu
734 2618 802 2660 non
832 2598 942 2661 addita
972 2601 1043 2681 ejus
1076 2621 1226 2685 persona,
1257 2605 1310 2666 oui
1341 2605 1414 2686 quis

298 2706 499 2789 obloquitur,
535 2705 708 2788 usurpavit
745 2703 893 2768 Catullus
923 2703 1154 2791 Lxxx111‚5
1190 2710 1288 2773 ‘nune
1327 2712 1415 2794 quod

297 2813 411 2897 gannit
441 2818 473 2875 et
496 2812 691 2896 obloquitur,
724 2861 730 2874 .
755 2860 762 2873 .
787 2862 793 2874 .
817 2812 947 2895 iratast',
977 2815 1132 2879 Afranius
1155 2837 1185 2879 v.
1212 2819 1252 2881 13
1277 2814 1413 2901 (Riobe)

299 2919 388 3004 ‘quid
411 2924 460 2983 est
481 2920 587 2983 istuo?
626 2925 657 2982 te
680 2916 836 2983 blaterare
859 2925 954 3003 atque
978 2921 1141 3005 obloquii'
1181 2928 1212 2987 et
1242 2925 1305 3007 alii,
1333 2945 1415 3008 quos

298 3026 408 3091 videas
432 3026 518 3109 apud
540 3024 671 3089 Foroell.
695 3046 718 3088 s.
741 3046 771 3087 V.

386 3131 554 3196 Contraria
583 3132 707 3195 ratione
739 3131 794 3194 alii
829 3133 900 3196 loeo
936 3135 1131 3199 medendum
1167 3137 1238 3200 erit:
1284 3133 1337 3207 Ad
1365 3133 1413 3206 M.

298 3236 389 3312 Caes.
412 3233 505 3325 ΠΜ
542 3260 580 3295 Ξ
618 3259 650 3331 p.
675 3234 717 3308 59
752 3257 783 3307 V.
807 3234 857 3307 17.
912 3240 1048 3305 ‘Invidia
1081 3245 1295 3327 perniciosum
1330 3245 1414 3308 inter

295 3347 442 3410 homines
481 3346 605 3409 malum
645 3345 853 3428 maximeque
889 3348 1137 3430 internecivum,
1176 3349 1238 3413 sibi
1277 3351 1413 3435 aliisque

295 3454 415 3536 pariter
442 3451 649 3535 obnoxium}
695 3450 815 3514 Mirum
838 3453 869 3516 h.
893 3454 913 3516 l.
937 3460 985 3517 est
1015 3458 1226 3539 compositum
1259 3458 1412 3541 simplicis

258 3619 261 3622 .
296 3579 394 3623 sensu
417 3558 605 3621 adhibitum.
650 3557 767 3640 Itaque
790 3578 865 3622 eum
889 3562 974 3643 apud
999 3560 1209 3626 Columellam
1232 3564 1274 3645 Π,
1288 3565 1327 3625 17
1353 3565 1410 3644 §2

296 3664 467 3749 (Schneid.)
504 3669 590 3729 reete
624 3664 787 3729 Gesnerus
825 3667 933 3748 optimi
972 3669 1091 3733 oodiois
1125 3670 1412 3753 Sangermanensis

294 3773 357 3837 fido
389 3773 482 3836 uisus
515 3772 679 3855 vulgatam
709 3771 881 3836 lectionem
910 3780 1094 3859 ‘omnesque
1116 3777 1238 3860 lapides
1262 3783 1293 3842 et
1318 3780 1412 3863 siqua

295 3878 442 3962 objacent
468 3877 603 3941 falcibus
636 3877 805 3942 obnoxia
837 3881 944 3964 eolligi
976 3881 1093 3946 debent
1125 3903 1162 3946 ao
1192 3885 1323 3969 longius
1355 3904 1411 3948 ex-

293 3984 423 4069 portari'
447 3985 621 4048 eorrexerit
643 3986 677 4048 in
701 3984 896 4068 ‘noxia’5⁸)
920 4008 1033 4052 vereor
1055 4009 1096 4053 ne
1118 3995 1227 4054 noster
1248 3992 1339 4055 loeus
1355 4010 1411 4055 ex-

383 4231 429 4300 57)
448 4248 463 4285 e
481 4231 595 4300 Hauptii
615 4232 775 4303 conjectura.
796 4237 854 4290 eod.
874 4235 977 4291 ‘eostur

382 4319 427 4391 58)
447 4319 616 4390 Corruptelae
636 4337 716 4378 eausa
733 4323 786 4377 fuit
804 4325 968 4392 praecedens
988 4322 1135 4394 ‘obJaoent'.
