<?xml version="1.0" encoding="UTF-8"?>
<!DOCTYPE html PUBLIC "-//W3C//DTD XHTML 1.0 Transitional//EN"
    "http://www.w3.org/TR/xhtml1/DTD/xhtml1-transitional.dtd">
<html xmlns="http://www.w3.org/1999/xhtml" xml:lang="en" lang="en">
 <head>
  <title>
</title>
<meta http-equiv="Content-Type" content="text/html;charset=utf-8" />
  <meta name='ocr-system' content='tesseract 3.04.00' />
  <meta name='ocr-capabilities' content='ocr_page ocr_carea ocr_par ocr_line ocrx_word'/>
</head>
<body>
  <div class='ocr_page' id='page_1' title='image "./quaestionesfron00ehregoog_0059.png"; bbox 0 0 3175 5009; ppageno 0'>
   <div class='ocr_carea' id='block_1_1' title="bbox 711 392 751 453">
    <p class='ocr_par' dir='ltr' id='par_1_1' title="bbox 711 392 751 453">
     <span class='ocr_line' id='line_1_1' title="bbox 711 392 751 453; baseline -0.025 0"><span class='ocrx_word' id='word_1_1' title='bbox 711 392 751 453; x_wconf 82' lang='grc'>41</span> 
     </span>
    </p>
   </div>
   <div class='ocr_carea' id='block_1_2' title="bbox 177 457 191 492">
    <p class='ocr_par' dir='ltr' id='par_1_2' title="bbox 177 457 191 492">
     <span class='ocr_line' id='line_1_2' title="bbox 177 457 191 492; baseline 0 0"><span class='ocrx_word' id='word_1_2' title='bbox 177 457 191 492; x_wconf 64' lang='lat' dir='ltr'>h</span> 
     </span>
    </p>
   </div>
   <div class='ocr_carea' id='block_1_3' title="bbox 56 579 1336 2801">
    <p class='ocr_par' dir='ltr' id='par_1_3' title="bbox 176 579 1336 2055">
     <span class='ocr_line' id='line_1_3' title="bbox 266 579 1291 663; baseline 0.001 -20"><span class='ocrx_word' id='word_1_3' title='bbox 266 579 300 643; x_wconf 81' lang='lat' dir='ltr'>Si</span> <span class='ocrx_word' id='word_1_4' title='bbox 324 582 397 663; x_wconf 88' lang='lat' dir='ltr'>quis</span> <span class='ocrx_word' id='word_1_5' title='bbox 421 586 525 644; x_wconf 87' lang='lat' dir='ltr'>tamen</span> <span class='ocrx_word' id='word_1_6' title='bbox 551 580 674 645; x_wconf 92' lang='lat' dir='ltr'>dubitet</span> <span class='ocrx_word' id='word_1_7' title='bbox 697 581 736 644; x_wconf 91' lang='lat' dir='ltr'>de</span> <span class='ocrx_word' id='word_1_8' title='bbox 759 600 794 644; x_wconf 90' lang='lat' dir='ltr'>re</span> <span class='ocrx_word' id='word_1_9' title='bbox 818 585 883 643; x_wconf 91' lang='lat' dir='ltr'>tam</span> <span class='ocrx_word' id='word_1_10' title='bbox 905 580 1082 661; x_wconf 83' lang='lat' dir='ltr'>manifesta,</span> <span class='ocrx_word' id='word_1_11' title='bbox 1110 581 1159 644; x_wconf 92' lang='lat' dir='ltr'>his</span> <span class='ocrx_word' id='word_1_12' title='bbox 1183 601 1291 645; x_wconf 88' lang='lat' dir='ltr'>exem-</span> 
     </span>
     <span class='ocr_line' id='line_1_4' title="bbox 176 688 1291 771; baseline 0.001 -22"><span class='ocrx_word' id='word_1_13' title='bbox 176 688 238 770; x_wconf 92' lang='lat' dir='ltr'>plis</span> <span class='ocrx_word' id='word_1_14' title='bbox 271 706 398 751; x_wconf 92' lang='lat' dir='ltr'>omnem</span> <span class='ocrx_word' id='word_1_15' title='bbox 431 689 460 751; x_wconf 91' lang='lat' dir='ltr'>ei</span> <span class='ocrx_word' id='word_1_16' title='bbox 491 688 722 752; x_wconf 77' lang='lat' dir='ltr'>dubitationem</span> <span class='ocrx_word' id='word_1_17' title='bbox 752 708 804 750; x_wconf 91' lang='lat' dir='ltr'>me</span> <span class='ocrx_word' id='word_1_18' title='bbox 836 691 1063 770; x_wconf 83' lang='lat' dir='ltr'>exemptarum</span> <span class='ocrx_word' id='word_1_19' title='bbox 1098 708 1167 752; x_wconf 91' lang='lat' dir='ltr'>esse</span> <span class='ocrx_word' id='word_1_20' title='bbox 1191 707 1291 771; x_wconf 82' lang='lat' dir='ltr'>spero¹</span> 
     </span>
     <span class='ocr_line' id='line_1_5' title="bbox 179 793 1336 879; baseline -0.001 -22"><span class='ocrx_word' id='word_1_21' title='bbox 179 793 333 876; x_wconf 78' lang='lat' dir='ltr'>Compara</span> <span class='ocrx_word' id='word_1_22' title='bbox 368 796 467 857; x_wconf 92' lang='lat' dir='ltr'>euim:</span> <span class='ocrx_word' id='word_1_23' title='bbox 509 797 612 879; x_wconf 77' lang='lat' dir='ltr'>‘primi</span> <span class='ocrx_word' id='word_1_24' title='bbox 644 795 792 858; x_wconf 80' lang='lat' dir='ltr'>docuisse</span> <span class='ocrx_word' id='word_1_25' title='bbox 824 794 974 857; x_wconf 90' lang='lat' dir='ltr'>feruntur</span> <span class='ocrx_word' id='word_1_26' title='bbox 1006 793 1120 857; x_wconf 82' lang='lat' dir='ltr'>Tibull.</span> <span class='ocrx_word' id='word_1_27' title='bbox 1143 795 1185 876; x_wconf 87' lang='grc' dir='ltr'>Π,</span> <span class='ocrx_word' id='word_1_28' title='bbox 1211 795 1291 874; x_wconf 70' lang='lat' dir='ltr'>Lei.</span> <span class='ocrx_word' id='word_1_29' title='bbox 1332 799 1336 808; x_wconf 86' lang='lat'>&#39;</span> 
     </span>
     <span class='ocr_line' id='line_1_6' title="bbox 179 900 1292 985; baseline 0.002 -22"><span class='ocrx_word' id='word_1_30' title='bbox 179 906 283 963; x_wconf 88' lang='lat' dir='ltr'>tantos</span> <span class='ocrx_word' id='word_1_31' title='bbox 306 903 457 982; x_wconf 79' lang='lat' dir='ltr'>genuisse</span> <span class='ocrx_word' id='word_1_32' title='bbox 480 902 636 966; x_wconf 89' lang='lat' dir='ltr'>feruutur.</span> <span class='ocrx_word' id='word_1_33' title='bbox 682 901 748 964; x_wconf 75' lang='lat' dir='ltr'>Tib.</span> <span class='ocrx_word' id='word_1_34' title='bbox 771 900 831 983; x_wconf 88' lang='grc' dir='ltr'>ΠΙ,</span> <span class='ocrx_word' id='word_1_35' title='bbox 857 902 939 984; x_wconf 87' lang='grc'>1,48.</span> <span class='ocrx_word' id='word_1_36' title='bbox 968 902 1129 985; x_wconf 81' lang='lat' dir='ltr'>nymphae</span> <span class='ocrx_word' id='word_1_37' title='bbox 1153 905 1292 966; x_wconf 83' lang='lat' dir='ltr'>sensisse</span> 
     </span>
     <span class='ocr_line' id='line_1_7' title="bbox 178 1007 1294 1090; baseline 0.003 -21"><span class='ocrx_word' id='word_1_38' title='bbox 178 1007 324 1071; x_wconf 89' lang='lat' dir='ltr'>feruntur</span> <span class='ocrx_word' id='word_1_39' title='bbox 364 1007 456 1071; x_wconf 90' lang='lat' dir='ltr'>Ovid.</span> <span class='ocrx_word' id='word_1_40' title='bbox 496 1009 569 1072; x_wconf 88' lang='lat' dir='ltr'>Met.</span> <span class='ocrx_word' id='word_1_41' title='bbox 602 1008 644 1090; x_wconf 86' lang='grc' dir='ltr'>ΙΙ,</span> <span class='ocrx_word' id='word_1_42' title='bbox 677 1009 749 1070; x_wconf 83' lang='grc'>452.</span> <span class='ocrx_word' id='word_1_43' title='bbox 789 1012 896 1090; x_wconf 90' lang='lat' dir='ltr'>postes</span> <span class='ocrx_word' id='word_1_44' title='bbox 939 1010 1108 1072; x_wconf 91' lang='lat' dir='ltr'>tremuisse</span> <span class='ocrx_word' id='word_1_45' title='bbox 1146 1010 1294 1072; x_wconf 83' lang='lat' dir='ltr'>feruntur</span> 
     </span>
     <span class='ocr_line' id='line_1_8' title="bbox 177 1113 1293 1199; baseline 0.004 -23"><span class='ocrx_word' id='word_1_46' title='bbox 177 1113 245 1176; x_wconf 86' lang='lat' dir='ltr'>ibid</span> <span class='ocrx_word' id='word_1_47' title='bbox 267 1114 324 1195; x_wconf 82' lang='lat' dir='ltr'>IV,</span> <span class='ocrx_word' id='word_1_48' title='bbox 347 1115 411 1177; x_wconf 73' lang='lat'>485</span> <span class='ocrx_word' id='word_1_49' title='bbox 439 1117 560 1199; x_wconf 88' lang='lat' dir='ltr'>primae</span> <span class='ocrx_word' id='word_1_50' title='bbox 586 1116 737 1199; x_wconf 81' lang='lat' dir='ltr'>vulgasse</span> <span class='ocrx_word' id='word_1_51' title='bbox 760 1114 909 1177; x_wconf 84' lang='lat' dir='ltr'>feruntur</span> <span class='ocrx_word' id='word_1_52' title='bbox 931 1115 972 1178; x_wconf 91' lang='lat' dir='ltr'>ib.</span> <span class='ocrx_word' id='word_1_53' title='bbox 996 1115 1039 1198; x_wconf 87' lang='grc' dir='ltr'>Χ,</span> <span class='ocrx_word' id='word_1_54' title='bbox 1055 1117 1129 1181; x_wconf 78' lang='grc'>246.</span> <span class='ocrx_word' id='word_1_55' title='bbox 1165 1136 1293 1180; x_wconf 91' lang='lat' dir='ltr'>mecum</span> 
     </span>
     <span class='ocr_line' id='line_1_9' title="bbox 179 1220 1293 1305; baseline 0.002 -22"><span class='ocrx_word' id='word_1_56' title='bbox 179 1227 317 1285; x_wconf 87' lang='lat' dir='ltr'>certasse</span> <span class='ocrx_word' id='word_1_57' title='bbox 351 1223 499 1287; x_wconf 88' lang='lat' dir='ltr'>feruntur</span> <span class='ocrx_word' id='word_1_58' title='bbox 527 1223 619 1305; x_wconf 82' lang='lat' dir='ltr'>XIII,</span> <span class='ocrx_word' id='word_1_59' title='bbox 642 1220 693 1286; x_wconf 85' lang='lat'>20.</span> <span class='ocrx_word' id='word_1_60' title='bbox 729 1225 854 1285; x_wconf 88' lang='lat' dir='ltr'>veteres</span> <span class='ocrx_word' id='word_1_61' title='bbox 885 1222 1023 1287; x_wconf 87' lang='lat' dir='ltr'>coluisse</span> <span class='ocrx_word' id='word_1_62' title='bbox 1055 1223 1204 1286; x_wconf 87' lang='lat' dir='ltr'>feruutur</span> <span class='ocrx_word' id='word_1_63' title='bbox 1236 1222 1293 1286; x_wconf 90' lang='lat' dir='ltr'>Ov.</span> 
     </span>
     <span class='ocr_line' id='line_1_10' title="bbox 177 1328 1293 1413; baseline 0.001 -23"><span class='ocrx_word' id='word_1_64' title='bbox 177 1329 249 1392; x_wconf 87' lang='lat' dir='ltr'>fast.</span> <span class='ocrx_word' id='word_1_65' title='bbox 282 1328 325 1410; x_wconf 91' lang='grc' dir='ltr'>ΙΙ,</span> <span class='ocrx_word' id='word_1_66' title='bbox 349 1329 421 1390; x_wconf 91' lang='grc'>271.</span> <span class='ocrx_word' id='word_1_67' title='bbox 454 1336 554 1393; x_wconf 89' lang='grc'>111111</span> <span class='ocrx_word' id='word_1_68' title='bbox 586 1329 737 1394; x_wconf 90' lang='lat' dir='ltr'>habuisse</span> <span class='ocrx_word' id='word_1_69' title='bbox 767 1329 917 1393; x_wconf 84' lang='lat' dir='ltr'>feruntur</span> <span class='ocrx_word' id='word_1_70' title='bbox 946 1331 987 1394; x_wconf 90' lang='lat' dir='ltr'>ib.</span> <span class='ocrx_word' id='word_1_71' title='bbox 1014 1332 1056 1413; x_wconf 86' lang='grc' dir='ltr'>ΙΙ,</span> <span class='ocrx_word' id='word_1_72' title='bbox 1080 1331 1153 1393; x_wconf 82' lang='grc'>289.</span> <span class='ocrx_word' id='word_1_73' title='bbox 1190 1329 1293 1393; x_wconf 91' lang='lat' dir='ltr'>bustis</span> 
     </span>
     <span class='ocr_line' id='line_1_11' title="bbox 177 1436 1291 1520; baseline 0.004 -23"><span class='ocrx_word' id='word_1_74' title='bbox 177 1436 284 1498; x_wconf 86' lang='lat' dir='ltr'>exisse</span> <span class='ocrx_word' id='word_1_75' title='bbox 314 1436 463 1499; x_wconf 88' lang='lat' dir='ltr'>feruutur</span> <span class='ocrx_word' id='word_1_76' title='bbox 489 1437 530 1501; x_wconf 88' lang='lat' dir='ltr'>ib.</span> <span class='ocrx_word' id='word_1_77' title='bbox 556 1437 599 1515; x_wconf 89' lang='lat' dir='ltr'>II,</span> <span class='ocrx_word' id='word_1_78' title='bbox 621 1437 692 1499; x_wconf 84' lang='lat'>551.</span> <span class='ocrx_word' id='word_1_79' title='bbox 724 1438 884 1520; x_wconf 81' lang='lat' dir='ltr'>nymphae</span> <span class='ocrx_word' id='word_1_80' title='bbox 916 1439 1044 1520; x_wconf 91' lang='lat' dir='ltr'>pavisse</span> <span class='ocrx_word' id='word_1_81' title='bbox 1075 1437 1223 1501; x_wconf 87' lang='lat' dir='ltr'>feruntur</span> <span class='ocrx_word' id='word_1_82' title='bbox 1248 1437 1291 1501; x_wconf 82' lang='lat' dir='ltr'>ih.</span> 
     </span>
     <span class='ocr_line' id='line_1_12' title="bbox 177 1540 1293 1627; baseline 0.002 -24"><span class='ocrx_word' id='word_1_83' title='bbox 177 1541 236 1622; x_wconf 87' lang='grc' dir='ltr'>ΠΙ,</span> <span class='ocrx_word' id='word_1_84' title='bbox 257 1540 321 1604; x_wconf 85' lang='grc'>443</span> <span class='ocrx_word' id='word_1_85' title='bbox 354 1542 405 1625; x_wconf 87' lang='lat' dir='ltr'>(cf.</span> <span class='ocrx_word' id='word_1_86' title='bbox 433 1543 541 1606; x_wconf 88' lang='lat' dir='ltr'>locum</span> <span class='ocrx_word' id='word_1_87' title='bbox 559 1542 677 1617; x_wconf 86' lang='lat' dir='ltr'>¹Ovidii</span> <span class='ocrx_word' id='word_1_88' title='bbox 709 1543 785 1607; x_wconf 88' lang='lat' dir='ltr'>Met.</span> <span class='ocrx_word' id='word_1_89' title='bbox 807 1543 848 1624; x_wconf 88' lang='grc' dir='ltr'>ΙΙ,</span> <span class='ocrx_word' id='word_1_90' title='bbox 875 1546 939 1606; x_wconf 83' lang='grc'>452</span> <span class='ocrx_word' id='word_1_91' title='bbox 976 1565 1073 1627; x_wconf 90' lang='lat' dir='ltr'>supra</span> <span class='ocrx_word' id='word_1_92' title='bbox 1107 1543 1293 1620; x_wconf 85' lang='lat' dir='ltr'>laudatum).</span> 
     </span>
     <span class='ocr_line' id='line_1_13' title="bbox 178 1649 1294 1733; baseline 0.004 -24"><span class='ocrx_word' id='word_1_93' title='bbox 178 1661 278 1711; x_wconf 79' lang='lat' dir='ltr'>cimas</span> <span class='ocrx_word' id='word_1_94' title='bbox 302 1649 439 1713; x_wconf 88' lang='lat' dir='ltr'>violasse</span> <span class='ocrx_word' id='word_1_95' title='bbox 462 1651 611 1713; x_wconf 87' lang='lat' dir='ltr'>feruntur</span> <span class='ocrx_word' id='word_1_96' title='bbox 633 1650 674 1713; x_wconf 89' lang='lat' dir='ltr'>ib.</span> <span class='ocrx_word' id='word_1_97' title='bbox 693 1649 751 1732; x_wconf 83' lang='lat' dir='ltr'>VI,</span> <span class='ocrx_word' id='word_1_98' title='bbox 769 1650 841 1713; x_wconf 91' lang='grc'>167.</span> <span class='ocrx_word' id='word_1_99' title='bbox 865 1649 979 1713; x_wconf 89' lang='lat' dir='ltr'>ambae</span> <span class='ocrx_word' id='word_1_100' title='bbox 1001 1653 1163 1733; x_wconf 86' lang='lat' dir='ltr'>peperisse</span> <span class='ocrx_word' id='word_1_101' title='bbox 1185 1650 1294 1714; x_wconf 86' lang='lat' dir='ltr'>ferun-</span> 
     </span>
     <span class='ocr_line' id='line_1_14' title="bbox 177 1754 1293 1838; baseline 0.001 -21"><span class='ocrx_word' id='word_1_102' title='bbox 177 1758 231 1817; x_wconf 90' lang='lat' dir='ltr'>tur</span> <span class='ocrx_word' id='word_1_103' title='bbox 246 1754 288 1817; x_wconf 89' lang='lat' dir='ltr'>ib.</span> <span class='ocrx_word' id='word_1_104' title='bbox 304 1754 446 1836; x_wconf 64' lang='grc'>71287.</span> <span class='ocrx_word' id='word_1_105' title='bbox 463 1757 513 1820; x_wconf 92' lang='lat' dir='ltr'>his</span> <span class='ocrx_word' id='word_1_106' title='bbox 530 1757 710 1821; x_wconf 87' lang='lat' dir='ltr'>deseruisse</span> <span class='ocrx_word' id='word_1_107' title='bbox 726 1756 875 1821; x_wconf 88' lang='lat' dir='ltr'>feruutur</span> <span class='ocrx_word' id='word_1_108' title='bbox 889 1756 964 1820; x_wconf 85' lang='lat' dir='ltr'>Stat.</span> <span class='ocrx_word' id='word_1_109' title='bbox 984 1757 1078 1820; x_wconf 78' lang='lat' dir='ltr'>Theb.</span> <span class='ocrx_word' id='word_1_110' title='bbox 1091 1756 1165 1838; x_wconf 82' lang='lat' dir='ltr'>Vll,</span> <span class='ocrx_word' id='word_1_111' title='bbox 1180 1755 1293 1837; x_wconf 72' lang='grc'>36680)</span> 
     </span>
     <span class='ocr_line' id='line_1_15' title="bbox 178 1859 1294 1948; baseline 0.005 -26"><span class='ocrx_word' id='word_1_112' title='bbox 178 1859 230 1922; x_wconf 82' lang='lat' dir='ltr'>Ex</span> <span class='ocrx_word' id='word_1_113' title='bbox 256 1861 303 1924; x_wconf 93' lang='lat' dir='ltr'>his</span> <span class='ocrx_word' id='word_1_114' title='bbox 328 1862 489 1925; x_wconf 89' lang='lat' dir='ltr'>simillima</span> <span class='ocrx_word' id='word_1_115' title='bbox 512 1865 615 1927; x_wconf 86' lang='lat' dir='ltr'>nostri</span> <span class='ocrx_word' id='word_1_116' title='bbox 639 1865 702 1927; x_wconf 89' lang='lat' dir='ltr'>loci</span> <span class='ocrx_word' id='word_1_117' title='bbox 730 1870 806 1927; x_wconf 88' lang='lat' dir='ltr'>sunt</span> <span class='ocrx_word' id='word_1_118' title='bbox 827 1863 894 1926; x_wconf 82' lang='lat' dir='ltr'>Tib.</span> <span class='ocrx_word' id='word_1_119' title='bbox 911 1863 953 1945; x_wconf 88' lang='grc' dir='ltr'>Π,</span> <span class='ocrx_word' id='word_1_120' title='bbox 973 1864 1042 1944; x_wconf 86' lang='grc'>1,41</span> <span class='ocrx_word' id='word_1_121' title='bbox 1071 1866 1167 1948; x_wconf 89' lang='lat' dir='ltr'>primi</span> <span class='ocrx_word' id='word_1_122' title='bbox 1196 1865 1294 1928; x_wconf 89' lang='lat' dir='ltr'>docu-</span> 
     </span>
     <span class='ocr_line' id='line_1_16' title="bbox 178 1968 1039 2055; baseline 0.003 -25"><span class='ocrx_word' id='word_1_123' title='bbox 178 1968 243 2031; x_wconf 89' lang='lat' dir='ltr'>isse</span> <span class='ocrx_word' id='word_1_124' title='bbox 265 1969 296 2031; x_wconf 83' lang='lat' dir='ltr'>f.’</span> <span class='ocrx_word' id='word_1_125' title='bbox 321 1974 353 2032; x_wconf 91' lang='lat' dir='ltr'>et</span> <span class='ocrx_word' id='word_1_126' title='bbox 376 1968 433 2032; x_wconf 88' lang='lat' dir='ltr'>Ov.</span> <span class='ocrx_word' id='word_1_127' title='bbox 458 1970 532 2033; x_wconf 88' lang='lat' dir='ltr'>Met.</span> <span class='ocrx_word' id='word_1_128' title='bbox 555 1969 598 2051; x_wconf 84' lang='lat' dir='ltr'>X,</span> <span class='ocrx_word' id='word_1_129' title='bbox 615 1973 678 2034; x_wconf 78' lang='grc'>240</span> <span class='ocrx_word' id='word_1_130' title='bbox 701 1973 824 2055; x_wconf 84' lang='lat' dir='ltr'>primae</span> <span class='ocrx_word' id='word_1_131' title='bbox 846 1971 997 2053; x_wconf 84' lang='lat' dir='ltr'>vulgasse</span> <span class='ocrx_word' id='word_1_132' title='bbox 1019 1971 1039 2033; x_wconf 84' lang='lat' dir='ltr'>f.</span> 
     </span>
    </p>

    <p class='ocr_par' dir='ltr' id='par_1_4' title="bbox 56 2063 1296 2801">
     <span class='ocr_line' id='line_1_17' title="bbox 56 2063 1293 2163; baseline 0.004 -25"><span class='ocrx_word' id='word_1_133' title='bbox 56 2063 62 2066; x_wconf 36' lang='lat'>¹</span> <span class='ocrx_word' id='word_1_134' title='bbox 266 2075 355 2139; x_wconf 91' lang='lat' dir='ltr'>Haec</span> <span class='ocrx_word' id='word_1_135' title='bbox 380 2083 456 2140; x_wconf 90' lang='lat' dir='ltr'>sunt</span> <span class='ocrx_word' id='word_1_136' title='bbox 479 2078 586 2140; x_wconf 88' lang='lat' dir='ltr'>omnia</span> <span class='ocrx_word' id='word_1_137' title='bbox 608 2098 713 2160; x_wconf 92' lang='lat' dir='ltr'>usque</span> <span class='ocrx_word' id='word_1_138' title='bbox 737 2079 777 2141; x_wconf 91' lang='lat' dir='ltr'>ad</span> <span class='ocrx_word' id='word_1_139' title='bbox 793 2078 964 2140; x_wconf 80' lang='lat' dir='ltr'>Frontonis</span> <span class='ocrx_word' id='word_1_140' title='bbox 981 2082 1122 2160; x_wconf 89' lang='lat' dir='ltr'>tempora</span> <span class='ocrx_word' id='word_1_141' title='bbox 1138 2081 1293 2163; x_wconf 88' lang='lat' dir='ltr'>exempla.</span> 
     </span>
     <span class='ocr_line' id='line_1_18' title="bbox 180 2170 1294 2268; baseline 0.004 -24"><span class='ocrx_word' id='word_1_142' title='bbox 180 2180 283 2245; x_wconf 80' lang='lat' dir='ltr'>Ceteri</span> <span class='ocrx_word' id='word_1_143' title='bbox 304 2188 415 2265; x_wconf 92' lang='lat' dir='ltr'>poetae</span> <span class='ocrx_word' id='word_1_144' title='bbox 441 2184 624 2247; x_wconf 87' lang='lat' dir='ltr'>abstinuere</span> <span class='ocrx_word' id='word_1_145' title='bbox 647 2186 706 2248; x_wconf 91' lang='lat' dir='ltr'>hac</span> <span class='ocrx_word' id='word_1_146' title='bbox 728 2170 866 2247; x_wconf 85' lang='lat' dir='ltr'>formula</span> <span class='ocrx_word' id='word_1_147' title='bbox 889 2187 985 2268; x_wconf 92' lang='lat' dir='ltr'>epica.</span> <span class='ocrx_word' id='word_1_148' title='bbox 1032 2184 1111 2261; x_wconf 79' lang='lat' dir='ltr'>Quis</span> <span class='ocrx_word' id='word_1_149' title='bbox 1128 2187 1215 2248; x_wconf 91' lang='lat' dir='ltr'>euim</span> <span class='ocrx_word' id='word_1_150' title='bbox 1227 2188 1294 2267; x_wconf 85' lang='lat' dir='ltr'>jam</span> 
     </span>
     <span class='ocr_line' id='line_1_19' title="bbox 180 2288 1292 2375; baseline 0.004 -25"><span class='ocrx_word' id='word_1_151' title='bbox 180 2288 347 2371; x_wconf 82' lang='lat' dir='ltr'>dubitabit,</span> <span class='ocrx_word' id='word_1_152' title='bbox 379 2291 459 2371; x_wconf 86' lang='lat' dir='ltr'>quin</span> <span class='ocrx_word' id='word_1_153' title='bbox 490 2291 541 2352; x_wconf 92' lang='lat' dir='ltr'>his</span> <span class='ocrx_word' id='word_1_154' title='bbox 573 2292 729 2374; x_wconf 88' lang='lat' dir='ltr'>exemplis</span> <span class='ocrx_word' id='word_1_155' title='bbox 760 2292 961 2355; x_wconf 86' lang='lat' dir='ltr'>contineatur</span> <span class='ocrx_word' id='word_1_156' title='bbox 987 2292 1126 2355; x_wconf 88' lang='lat' dir='ltr'>formula</span> <span class='ocrx_word' id='word_1_157' title='bbox 1149 2294 1237 2375; x_wconf 91' lang='lat' dir='ltr'>epica</span> <span class='ocrx_word' id='word_1_158' title='bbox 1260 2294 1292 2355; x_wconf 91' lang='lat' dir='ltr'>in</span> 
     </span>
     <span class='ocr_line' id='line_1_20' title="bbox 178 2393 1294 2481; baseline 0.004 -25"><span class='ocrx_word' id='word_1_159' title='bbox 178 2393 242 2456; x_wconf 93' lang='lat' dir='ltr'>fine</span> <span class='ocrx_word' id='word_1_160' title='bbox 265 2395 442 2460; x_wconf 83' lang='lat' dir='ltr'>hexametri</span> <span class='ocrx_word' id='word_1_161' title='bbox 465 2401 619 2479; x_wconf 90' lang='lat' dir='ltr'>usurpata</span> <span class='ocrx_word' id='word_1_162' title='bbox 642 2403 792 2481; x_wconf 90' lang='lat' dir='ltr'>certoque</span> <span class='ocrx_word' id='word_1_163' title='bbox 821 2401 972 2481; x_wconf 91' lang='lat' dir='ltr'>temporis</span> <span class='ocrx_word' id='word_1_164' title='bbox 1000 2400 1101 2481; x_wconf 89' lang='lat' dir='ltr'>spatio</span> <span class='ocrx_word' id='word_1_165' title='bbox 1130 2419 1149 2460; x_wconf 91' lang='lat' dir='ltr'>a</span> <span class='ocrx_word' id='word_1_166' title='bbox 1170 2397 1294 2461; x_wconf 79' lang='lat' dir='ltr'>Tibullo</span> 
     </span>
     <span class='ocr_line' id='line_1_21' title="bbox 179 2502 1295 2586; baseline 0.004 -23"><span class='ocrx_word' id='word_1_167' title='bbox 179 2520 283 2583; x_wconf 87' lang='lat' dir='ltr'>usque</span> <span class='ocrx_word' id='word_1_168' title='bbox 307 2503 347 2564; x_wconf 88' lang='lat' dir='ltr'>ad</span> <span class='ocrx_word' id='word_1_169' title='bbox 371 2502 508 2566; x_wconf 85' lang='lat' dir='ltr'>Statium</span> <span class='ocrx_word' id='word_1_170' title='bbox 531 2524 550 2565; x_wconf 93' lang='lat' dir='ltr'>a</span> <span class='ocrx_word' id='word_1_171' title='bbox 572 2506 674 2586; x_wconf 89' lang='lat' dir='ltr'>poetis</span> <span class='ocrx_word' id='word_1_172' title='bbox 698 2504 861 2567; x_wconf 83' lang='lat' dir='ltr'>adhibita?</span> <span class='ocrx_word' id='word_1_173' title='bbox 908 2503 978 2567; x_wconf 92' lang='lat' dir='ltr'>Hac</span> <span class='ocrx_word' id='word_1_174' title='bbox 998 2506 1097 2586; x_wconf 88' lang='lat' dir='ltr'>igitur</span> <span class='ocrx_word' id='word_1_175' title='bbox 1112 2504 1177 2567; x_wconf 87' lang='lat' dir='ltr'>fere</span> <span class='ocrx_word' id='word_1_176' title='bbox 1193 2511 1295 2567; x_wconf 90' lang='lat' dir='ltr'>aetate</span> 
     </span>
     <span class='ocr_line' id='line_1_22' title="bbox 180 2610 1296 2693; baseline 0.004 -23"><span class='ocrx_word' id='word_1_177' title='bbox 180 2627 254 2671; x_wconf 91' lang='lat' dir='ltr'>eum</span> <span class='ocrx_word' id='word_1_178' title='bbox 276 2619 411 2691; x_wconf 66' lang='lat' dir='ltr'>poetam,</span> <span class='ocrx_word' id='word_1_179' title='bbox 435 2632 453 2673; x_wconf 89' lang='lat' dir='ltr'>a</span> <span class='ocrx_word' id='word_1_180' title='bbox 477 2630 540 2693; x_wconf 89' lang='lat' dir='ltr'>quo</span> <span class='ocrx_word' id='word_1_181' title='bbox 563 2611 650 2673; x_wconf 87' lang='lat' dir='ltr'>hunc</span> <span class='ocrx_word' id='word_1_182' title='bbox 678 2610 875 2674; x_wconf 82' lang='lat' dir='ltr'>versicuhun</span> <span class='ocrx_word' id='word_1_183' title='bbox 902 2610 1020 2674; x_wconf 79' lang='lat' dir='ltr'>Fronto</span> <span class='ocrx_word' id='word_1_184' title='bbox 1048 2616 1215 2674; x_wconf 90' lang='lat' dir='ltr'>mutuatus</span> <span class='ocrx_word' id='word_1_185' title='bbox 1239 2616 1296 2692; x_wconf 84' lang='lat' dir='ltr'>est,</span> 
     </span>
     <span class='ocr_line' id='line_1_23' title="bbox 179 2715 1295 2801; baseline 0.004 -25"><span class='ocrx_word' id='word_1_186' title='bbox 179 2716 300 2778; x_wconf 90' lang='lat' dir='ltr'>vixisse</span> <span class='ocrx_word' id='word_1_187' title='bbox 324 2718 530 2780; x_wconf 91' lang='lat' dir='ltr'>statuendum</span> <span class='ocrx_word' id='word_1_188' title='bbox 554 2715 662 2797; x_wconf 75' lang='grc'>111181)</span> <span class='ocrx_word' id='word_1_189' title='bbox 708 2716 758 2781; x_wconf 89' lang='lat' dir='ltr'>Ne</span> <span class='ocrx_word' id='word_1_190' title='bbox 789 2719 917 2781; x_wconf 90' lang='lat' dir='ltr'>mireris</span> <span class='ocrx_word' id='word_1_191' title='bbox 950 2718 1036 2801; x_wconf 88' lang='lat' dir='ltr'>quod</span> <span class='ocrx_word' id='word_1_192' title='bbox 1064 2717 1183 2781; x_wconf 78' lang='lat' dir='ltr'>Fronto</span> <span class='ocrx_word' id='word_1_193' title='bbox 1214 2720 1295 2781; x_wconf 90' lang='lat' dir='ltr'>auti-</span> 
     </span>
    </p>
   </div>
   <div class='ocr_carea' id='block_1_4' title="bbox 158 2999 1296 4406">
    <p class='ocr_par' dir='ltr' id='par_1_5' title="bbox 158 2999 1296 3322">
     <span class='ocr_line' id='line_1_24' title="bbox 158 2999 1296 3069; baseline -0.001 -14"><span class='ocrx_word' id='word_1_194' title='bbox 158 3039 162 3046; x_wconf 82' lang='lat'><strong>·</strong></span> <span class='ocrx_word' id='word_1_195' title='bbox 272 3002 319 3069; x_wconf 87' lang='lat'>80)</span> <span class='ocrx_word' id='word_1_196' title='bbox 339 3000 467 3054; x_wconf 90' lang='lat' dir='ltr'>Ovidium</span> <span class='ocrx_word' id='word_1_197' title='bbox 486 3000 597 3053; x_wconf 84' lang='lat' dir='ltr'>fortasse</span> <span class='ocrx_word' id='word_1_198' title='bbox 615 2999 737 3054; x_wconf 84' lang='lat' dir='ltr'>imitatus</span> <span class='ocrx_word' id='word_1_199' title='bbox 755 3003 847 3054; x_wconf 87' lang='lat' dir='ltr'>auctor</span> <span class='ocrx_word' id='word_1_200' title='bbox 866 3000 1061 3055; x_wconf 85' lang='lat' dir='ltr'>Consolationis</span> <span class='ocrx_word' id='word_1_201' title='bbox 1085 3002 1119 3054; x_wconf 89' lang='lat' dir='ltr'>ad</span> <span class='ocrx_word' id='word_1_202' title='bbox 1137 3001 1244 3055; x_wconf 88' lang='lat' dir='ltr'>Liviam</span> <span class='ocrx_word' id='word_1_203' title='bbox 1264 3002 1296 3054; x_wconf 90' lang='lat' dir='ltr'>de</span> 
     </span>
     <span class='ocr_line' id='line_1_25' title="bbox 180 3088 628 3148; baseline -0.007 -5"><span class='ocrx_word' id='word_1_204' title='bbox 180 3095 264 3145; x_wconf 84' lang='lat' dir='ltr'>morte</span> <span class='ocrx_word' id='word_1_205' title='bbox 283 3090 365 3143; x_wconf 86' lang='lat' dir='ltr'>Drusi</span> <span class='ocrx_word' id='word_1_206' title='bbox 383 3088 499 3142; x_wconf 89' lang='lat' dir='ltr'>Neronis</span> <span class='ocrx_word' id='word_1_207' title='bbox 517 3106 543 3148; x_wconf 79' lang='lat' dir='ltr'>v,</span> <span class='ocrx_word' id='word_1_208' title='bbox 563 3088 628 3142; x_wconf 81' lang='lat'>405:</span> 
     </span>
     <span class='ocr_line' id='line_1_26' title="bbox 414 3177 1051 3254; baseline 0.002 -24"><span class='ocrx_word' id='word_1_209' title='bbox 414 3177 508 3254; x_wconf 66' lang='lat' dir='ltr'>sidera</span> <span class='ocrx_word' id='word_1_210' title='bbox 526 3177 592 3245; x_wconf 91' lang='lat' dir='ltr'>quin</span> <span class='ocrx_word' id='word_1_211' title='bbox 610 3177 691 3231; x_wconf 88' lang='lat' dir='ltr'>etiam</span> <span class='ocrx_word' id='word_1_212' title='bbox 710 3178 783 3233; x_wconf 87' lang='lat' dir='ltr'>coelo</span> <span class='ocrx_word' id='word_1_213' title='bbox 802 3179 903 3248; x_wconf 84' lang='lat' dir='ltr'>fugisse</span> <span class='ocrx_word' id='word_1_214' title='bbox 921 3180 1051 3245; x_wconf 73' lang='lat' dir='ltr'>feruntur,</span> 
     </span>
     <span class='ocr_line' id='line_1_27' title="bbox 411 3266 936 3322; baseline 0.006 -4"><span class='ocrx_word' id='word_1_215' title='bbox 411 3266 520 3319; x_wconf 80' lang='lat' dir='ltr'>Lucifer</span> <span class='ocrx_word' id='word_1_216' title='bbox 538 3269 565 3319; x_wconf 93' lang='lat' dir='ltr'>et</span> <span class='ocrx_word' id='word_1_217' title='bbox 583 3266 677 3321; x_wconf 86' lang='lat' dir='ltr'>solitas</span> <span class='ocrx_word' id='word_1_218' title='bbox 696 3268 849 3321; x_wconf 87' lang='lat' dir='ltr'>destituisse</span> <span class='ocrx_word' id='word_1_219' title='bbox 869 3268 936 3322; x_wconf 82' lang='lat' dir='ltr'>vias,</span> 
     </span>
    </p>

    <p class='ocr_par' dir='ltr' id='par_1_6' title="bbox 179 3339 1296 4406">
     <span class='ocr_line' id='line_1_28' title="bbox 269 3339 1295 3426; baseline 0 -14"><span class='ocrx_word' id='word_1_220' title='bbox 269 3357 314 3426; x_wconf 91' lang='grc'>81)</span> <span class='ocrx_word' id='word_1_221' title='bbox 333 3356 448 3409; x_wconf 88' lang='lat' dir='ltr'>Revera</span> <span class='ocrx_word' id='word_1_222' title='bbox 466 3355 490 3407; x_wconf 90' lang='lat' dir='ltr'>si</span> <span class='ocrx_word' id='word_1_223' title='bbox 506 3371 602 3409; x_wconf 90' lang='lat' dir='ltr'>versus</span> <span class='ocrx_word' id='word_1_224' title='bbox 620 3339 779 3409; x_wconf 80' lang='lat' dir='ltr'>antecedens</span> <span class='ocrx_word' id='word_1_225' title='bbox 792 3357 821 3409; x_wconf 92' lang='lat' dir='ltr'>in</span> <span class='ocrx_word' id='word_1_226' title='bbox 834 3374 927 3410; x_wconf 87' lang='lat' dir='ltr'>vocem</span> <span class='ocrx_word' id='word_1_227' title='bbox 946 3356 1147 3425; x_wconf 74' lang='lat' dir='ltr'>tetrasyllabum</span> <span class='ocrx_word' id='word_1_228' title='bbox 1166 3358 1295 3413; x_wconf 74' lang='lat' dir='ltr'>‘modula-</span> 
     </span>
     <span class='ocr_line' id='line_1_29' title="bbox 181 3444 1296 3513; baseline 0.001 -13"><span class='ocrx_word' id='word_1_229' title='bbox 181 3446 230 3501; x_wconf 88' lang='lat' dir='ltr'>tae’</span> <span class='ocrx_word' id='word_1_230' title='bbox 254 3446 371 3512; x_wconf 75' lang='lat' dir='ltr'>finiebat,</span> <span class='ocrx_word' id='word_1_231' title='bbox 393 3445 450 3513; x_wconf 83' lang='lat' dir='ltr'>jam</span> <span class='ocrx_word' id='word_1_232' title='bbox 470 3444 509 3496; x_wconf 89' lang='lat' dir='ltr'>uti</span> <span class='ocrx_word' id='word_1_233' title='bbox 529 3460 671 3512; x_wconf 90' lang='lat' dir='ltr'>possumus</span> <span class='ocrx_word' id='word_1_234' title='bbox 700 3445 885 3499; x_wconf 86' lang='lat' dir='ltr'>dissertatione</span> <span class='ocrx_word' id='word_1_235' title='bbox 904 3447 937 3500; x_wconf 91' lang='lat' dir='ltr'>ab</span> <span class='ocrx_word' id='word_1_236' title='bbox 955 3446 1076 3512; x_wconf 83' lang='lat' dir='ltr'>Eugenio</span> <span class='ocrx_word' id='word_1_237' title='bbox 1094 3447 1168 3500; x_wconf 80' lang='lat' dir='ltr'>Pleu</span> <span class='ocrx_word' id='word_1_238' title='bbox 1192 3448 1224 3500; x_wconf 92' lang='lat' dir='ltr'>de</span> <span class='ocrx_word' id='word_1_239' title='bbox 1248 3448 1296 3501; x_wconf 90' lang='lat' dir='ltr'>tali</span> 
     </span>
     <span class='ocr_line' id='line_1_30' title="bbox 179 3532 1295 3604; baseline 0.001 -16"><span class='ocrx_word' id='word_1_240' title='bbox 179 3533 330 3588; x_wconf 83' lang='lat' dir='ltr'>hexametri</span> <span class='ocrx_word' id='word_1_241' title='bbox 362 3534 438 3586; x_wconf 88' lang='lat' dir='ltr'>exitu</span> <span class='ocrx_word' id='word_1_242' title='bbox 475 3533 574 3600; x_wconf 88' lang='lat' dir='ltr'>scripta</span> <span class='ocrx_word' id='word_1_243' title='bbox 606 3532 735 3588; x_wconf 82' lang='lat' dir='ltr'>Fleckeis.</span> <span class='ocrx_word' id='word_1_244' title='bbox 769 3535 861 3590; x_wconf 88' lang='lat' dir='ltr'>Jahrb.</span> <span class='ocrx_word' id='word_1_245' title='bbox 889 3535 959 3592; x_wconf 87' lang='grc'>1866</span> <span class='ocrx_word' id='word_1_246' title='bbox 992 3553 1017 3604; x_wconf 88' lang='lat' dir='ltr'>p.</span> <span class='ocrx_word' id='word_1_247' title='bbox 1047 3535 1196 3594; x_wconf 79' lang='grc'>631-642.</span> <span class='ocrx_word' id='word_1_248' title='bbox 1243 3537 1295 3589; x_wconf 84' lang='lat' dir='ltr'>De-</span> 
     </span>
     <span class='ocr_line' id='line_1_31' title="bbox 180 3621 1294 3690; baseline -0.002 -12"><span class='ocrx_word' id='word_1_249' title='bbox 180 3624 340 3679; x_wconf 85' lang='lat' dir='ltr'>monstravit</span> <span class='ocrx_word' id='word_1_250' title='bbox 355 3623 428 3676; x_wconf 90' lang='lat' dir='ltr'>enim</span> <span class='ocrx_word' id='word_1_251' title='bbox 442 3621 607 3690; x_wconf 86' lang='lat' dir='ltr'>tetrasyllabi</span> <span class='ocrx_word' id='word_1_252' title='bbox 627 3623 702 3676; x_wconf 89' lang='lat' dir='ltr'>verbi</span> <span class='ocrx_word' id='word_1_253' title='bbox 720 3623 798 3677; x_wconf 87' lang='lat' dir='ltr'>latini</span> <span class='ocrx_word' id='word_1_254' title='bbox 817 3624 846 3677; x_wconf 92' lang='lat' dir='ltr'>iu</span> <span class='ocrx_word' id='word_1_255' title='bbox 858 3625 954 3679; x_wconf 89' lang='lat' dir='ltr'>ultima</span> <span class='ocrx_word' id='word_1_256' title='bbox 966 3624 1117 3679; x_wconf 86' lang='lat' dir='ltr'>hexametri</span> <span class='ocrx_word' id='word_1_257' title='bbox 1135 3625 1198 3678; x_wconf 90' lang='lat' dir='ltr'>sede</span> <span class='ocrx_word' id='word_1_258' title='bbox 1217 3640 1294 3676; x_wconf 88' lang='lat' dir='ltr'>usum</span> 
     </span>
     <span class='ocr_line' id='line_1_32' title="bbox 180 3712 1296 3783; baseline -0.002 -15"><span class='ocrx_word' id='word_1_259' title='bbox 180 3715 252 3783; x_wconf 88' lang='lat' dir='ltr'>apud</span> <span class='ocrx_word' id='word_1_260' title='bbox 277 3712 408 3781; x_wconf 86' lang='lat' dir='ltr'>Augustei</span> <span class='ocrx_word' id='word_1_261' title='bbox 432 3712 493 3766; x_wconf 89' lang='lat' dir='ltr'>aevi</span> <span class='ocrx_word' id='word_1_262' title='bbox 515 3712 744 3780; x_wconf 83' lang='lat' dir='ltr'>posteriorumque</span> <span class='ocrx_word' id='word_1_263' title='bbox 772 3717 922 3780; x_wconf 88' lang='lat' dir='ltr'>temporum</span> <span class='ocrx_word' id='word_1_264' title='bbox 951 3715 1042 3781; x_wconf 88' lang='lat' dir='ltr'>poetas</span> <span class='ocrx_word' id='word_1_265' title='bbox 1069 3714 1159 3781; x_wconf 89' lang='lat' dir='ltr'>epicos</span> <span class='ocrx_word' id='word_1_266' title='bbox 1187 3713 1296 3767; x_wconf 88' lang='lat' dir='ltr'>omniuo</span> 
     </span>
     <span class='ocr_line' id='line_1_33' title="bbox 181 3800 1295 3876; baseline 0.002 -20"><span class='ocrx_word' id='word_1_267' title='bbox 181 3804 224 3856; x_wconf 89' lang='lat' dir='ltr'>his</span> <span class='ocrx_word' id='word_1_268' title='bbox 238 3801 371 3871; x_wconf 84' lang='lat' dir='ltr'>exemplis</span> <span class='ocrx_word' id='word_1_269' title='bbox 383 3817 537 3855; x_wconf 89' lang='lat' dir='ltr'>occurrere:</span> <span class='ocrx_word' id='word_1_270' title='bbox 558 3800 645 3869; x_wconf 61' lang='grc' dir='ltr'>ι7111.</span> <span class='ocrx_word' id='word_1_271' title='bbox 660 3804 727 3876; x_wconf 87' lang='lat' dir='ltr'>Aen.</span> <span class='ocrx_word' id='word_1_272' title='bbox 740 3802 786 3863; x_wconf 87' lang='lat' dir='ltr'>VI,</span> <span class='ocrx_word' id='word_1_273' title='bbox 802 3803 833 3855; x_wconf 91' lang='grc'>11</span> <span class='ocrx_word' id='word_1_274' title='bbox 848 3805 965 3854; x_wconf 91' lang='lat' dir='ltr'>mentem</span> <span class='ocrx_word' id='word_1_275' title='bbox 983 3802 1164 3870; x_wconf 83' lang='lat' dir='ltr'>animumque.</span> <span class='ocrx_word' id='word_1_276' title='bbox 1183 3802 1230 3868; x_wconf 77' lang='lat' dir='ltr'>IV,</span> <span class='ocrx_word' id='word_1_277' title='bbox 1244 3804 1295 3857; x_wconf 93' lang='grc'>667</span> 
     </span>
     <span class='ocr_line' id='line_1_34' title="bbox 181 3890 1293 3961; baseline -0.002 -16"><span class='ocrx_word' id='word_1_278' title='bbox 181 3891 295 3945; x_wconf 86' lang='lat' dir='ltr'>femineo</span> <span class='ocrx_word' id='word_1_279' title='bbox 315 3891 428 3945; x_wconf 90' lang='lat' dir='ltr'>ululatu.</span> <span class='ocrx_word' id='word_1_280' title='bbox 454 3890 500 3959; x_wconf 87' lang='lat' dir='ltr'>IV,</span> <span class='ocrx_word' id='word_1_281' title='bbox 515 3891 567 3944; x_wconf 84' lang='lat'>215</span> <span class='ocrx_word' id='word_1_282' title='bbox 580 3890 705 3943; x_wconf 88' lang='lat' dir='ltr'>semiviro</span> <span class='ocrx_word' id='word_1_283' title='bbox 718 3891 854 3945; x_wconf 88' lang='lat' dir='ltr'>comitatu.</span> <span class='ocrx_word' id='word_1_284' title='bbox 879 3891 915 3958; x_wconf 82' lang='lat' dir='ltr'>X,</span> <span class='ocrx_word' id='word_1_285' title='bbox 929 3891 981 3945; x_wconf 80' lang='lat'>505</span> <span class='ocrx_word' id='word_1_286' title='bbox 995 3891 1096 3959; x_wconf 88' lang='lat' dir='ltr'>gemitu</span> <span class='ocrx_word' id='word_1_287' title='bbox 1114 3890 1293 3961; x_wconf 85' lang='lat' dir='ltr'>lacrimisque</span> 
     </span>
     <span class='ocr_line' id='line_1_35' title="bbox 182 3978 1295 4048; baseline 0 -13"><span class='ocrx_word' id='word_1_288' title='bbox 182 3981 231 4035; x_wconf 89' lang='lat' dir='ltr'>Ov.</span> <span class='ocrx_word' id='word_1_289' title='bbox 255 3980 318 4033; x_wconf 89' lang='lat' dir='ltr'>Met.</span> <span class='ocrx_word' id='word_1_290' title='bbox 343 3978 393 4048; x_wconf 86' lang='grc' dir='ltr'>ΧΙ,</span> <span class='ocrx_word' id='word_1_291' title='bbox 417 3981 450 4034; x_wconf 90' lang='grc'>17</span> <span class='ocrx_word' id='word_1_292' title='bbox 469 3979 592 4034; x_wconf 87' lang='lat' dir='ltr'>Baccheo</span> <span class='ocrx_word' id='word_1_293' title='bbox 610 3978 723 4035; x_wconf 88' lang='lat' dir='ltr'>ululatu.</span> <span class='ocrx_word' id='word_1_294' title='bbox 759 3979 819 4032; x_wconf 85' lang='lat' dir='ltr'>Val.</span> <span class='ocrx_word' id='word_1_295' title='bbox 839 3978 878 4034; x_wconf 83' lang='lat' dir='ltr'>Fl.</span> <span class='ocrx_word' id='word_1_296' title='bbox 896 3979 943 4047; x_wconf 78' lang='lat' dir='ltr'>IV,</span> <span class='ocrx_word' id='word_1_297' title='bbox 963 3979 1015 4033; x_wconf 84' lang='lat'>393</span> <span class='ocrx_word' id='word_1_298' title='bbox 1032 3980 1155 4033; x_wconf 82' lang='lat' dir='ltr'>Tartareo</span> <span class='ocrx_word' id='word_1_299' title='bbox 1174 3979 1295 4036; x_wconf 86' lang='lat' dir='ltr'>ululatu’.</span> 
     </span>
     <span class='ocr_line' id='line_1_36' title="bbox 181 4067 1296 4138; baseline 0.001 -16"><span class='ocrx_word' id='word_1_300' title='bbox 181 4069 304 4123; x_wconf 89' lang='lat' dir='ltr'>Primum</span> <span class='ocrx_word' id='word_1_301' title='bbox 322 4068 476 4138; x_wconf 88' lang='lat' dir='ltr'>exemplum</span> <span class='ocrx_word' id='word_1_302' title='bbox 494 4068 613 4122; x_wconf 88' lang='lat' dir='ltr'>Lucretii</span> <span class='ocrx_word' id='word_1_303' title='bbox 632 4067 781 4122; x_wconf 86' lang='lat' dir='ltr'>imitatione</span> <span class='ocrx_word' id='word_1_304' title='bbox 800 4071 893 4123; x_wconf 88' lang='lat' dir='ltr'>natum</span> <span class='ocrx_word' id='word_1_305' title='bbox 911 4071 959 4136; x_wconf 85' lang='lat' dir='ltr'>est,</span> <span class='ocrx_word' id='word_1_306' title='bbox 978 4069 1011 4125; x_wconf 83' lang='lat' dir='ltr'>cf.</span> <span class='ocrx_word' id='word_1_307' title='bbox 1034 4068 1109 4127; x_wconf 67' lang='lat' dir='ltr'>Luci.</span> <span class='ocrx_word' id='word_1_308' title='bbox 1125 4068 1146 4135; x_wconf 87' lang='grc' dir='ltr'>Ι,</span> <span class='ocrx_word' id='word_1_309' title='bbox 1161 4069 1296 4123; x_wconf 79' lang='grc'>7411111111</span> 
     </span>
     <span class='ocr_line' id='line_1_37' title="bbox 182 4147 1296 4227; baseline -0.001 -15"><span class='ocrx_word' id='word_1_310' title='bbox 182 4159 332 4227; x_wconf 87' lang='lat' dir='ltr'>animoque.</span> <span class='ocrx_word' id='word_1_311' title='bbox 356 4158 373 4212; x_wconf 85' lang='lat' dir='ltr'><strong>J</strong></span> <span class='ocrx_word' id='word_1_312' title='bbox 374 4175 417 4212; x_wconf 84' lang='lat' dir='ltr'>am</span> <span class='ocrx_word' id='word_1_313' title='bbox 436 4159 547 4225; x_wconf 89' lang='lat' dir='ltr'>apparet</span> <span class='ocrx_word' id='word_1_314' title='bbox 558 4158 640 4210; x_wconf 87' lang='lat' dir='ltr'>trium</span> <span class='ocrx_word' id='word_1_315' title='bbox 651 4173 778 4211; x_wconf 88' lang='lat' dir='ltr'>versuum</span> <span class='ocrx_word' id='word_1_316' title='bbox 791 4156 895 4211; x_wconf 82' lang='lat' dir='ltr'>exihmr</span> <span class='ocrx_word' id='word_1_317' title='bbox 908 4156 1027 4211; x_wconf 86' lang='lat' dir='ltr'>‘ululatu‘</span> <span class='ocrx_word' id='word_1_318' title='bbox 1038 4147 1296 4226; x_wconf 65' lang='grc' dir='ltr'><strong><em>ὀνοματοποιητικὴν</em></strong></span> 
     </span>
     <span class='ocr_line' id='line_1_38' title="bbox 181 4245 1294 4316; baseline -0.001 -16"><span class='ocrx_word' id='word_1_319' title='bbox 181 4248 237 4300; x_wconf 89' lang='lat' dir='ltr'>vim</span> <span class='ocrx_word' id='word_1_320' title='bbox 257 4248 364 4303; x_wconf 86' lang='lat' dir='ltr'>habere.</span> <span class='ocrx_word' id='word_1_321' title='bbox 401 4247 494 4316; x_wconf 87' lang='lat' dir='ltr'>Itaque</span> <span class='ocrx_word' id='word_1_322' title='bbox 513 4262 576 4299; x_wconf 87' lang='lat' dir='ltr'>eum</span> <span class='ocrx_word' id='word_1_323' title='bbox 595 4247 647 4300; x_wconf 92' lang='lat' dir='ltr'>duo</span> <span class='ocrx_word' id='word_1_324' title='bbox 666 4248 769 4300; x_wconf 88' lang='lat' dir='ltr'>tantum</span> <span class='ocrx_word' id='word_1_325' title='bbox 789 4247 912 4314; x_wconf 87' lang='lat' dir='ltr'>exempla</span> <span class='ocrx_word' id='word_1_326' title='bbox 929 4245 1064 4314; x_wconf 88' lang='lat' dir='ltr'>supersint</span> <span class='ocrx_word' id='word_1_327' title='bbox 1080 4245 1125 4315; x_wconf 74' lang='grc' dir='ltr'>Ι(111</span> <span class='ocrx_word' id='word_1_328' title='bbox 1144 4245 1243 4313; x_wconf 82' lang='lat' dir='ltr'>qulbus</span> <span class='ocrx_word' id='word_1_329' title='bbox 1262 4248 1294 4300; x_wconf 87' lang='lat' dir='ltr'>ef.</span> 
     </span>
     <span class='ocr_line' id='line_1_39' title="bbox 181 4333 1295 4406; baseline -0.001 -17"><span class='ocrx_word' id='word_1_330' title='bbox 181 4336 211 4390; x_wconf 91' lang='lat' dir='ltr'>L.</span> <span class='ocrx_word' id='word_1_331' title='bbox 230 4335 343 4391; x_wconf 88' lang='lat' dir='ltr'>Mueller</span> <span class='ocrx_word' id='word_1_332' title='bbox 361 4336 400 4392; x_wconf 88' lang='lat' dir='ltr'>De</span> <span class='ocrx_word' id='word_1_333' title='bbox 419 4352 447 4392; x_wconf 92' lang='lat' dir='ltr'>re</span> <span class='ocrx_word' id='word_1_334' title='bbox 467 4336 542 4390; x_wconf 87' lang='lat' dir='ltr'>metr.</span> <span class='ocrx_word' id='word_1_335' title='bbox 561 4352 587 4406; x_wconf 88' lang='lat' dir='ltr'>p.</span> <span class='ocrx_word' id='word_1_336' title='bbox 607 4336 669 4404; x_wconf 88' lang='grc'>220)</span> <span class='ocrx_word' id='word_1_337' title='bbox 688 4333 754 4389; x_wconf 89' lang='lat' dir='ltr'>num</span> <span class='ocrx_word' id='word_1_338' title='bbox 774 4335 921 4392; x_wconf 86' lang='lat' dir='ltr'>verisimile</span> <span class='ocrx_word' id='word_1_339' title='bbox 938 4337 986 4400; x_wconf 87' lang='lat' dir='ltr'>est,</span> <span class='ocrx_word' id='word_1_340' title='bbox 1005 4337 1126 4389; x_wconf 88' lang='lat' dir='ltr'>nostrum</span> <span class='ocrx_word' id='word_1_341' title='bbox 1139 4350 1248 4388; x_wconf 89' lang='lat' dir='ltr'>versum</span> <span class='ocrx_word' id='word_1_342' title='bbox 1260 4352 1295 4388; x_wconf 84' lang='lat' dir='ltr'>ex</span> 
     </span>
    </p>
   </div>
   <div class='ocr_carea' id='block_1_5' title="bbox 0 0 1598 5009">
    <p class='ocr_par' dir='ltr' id='par_1_7' title="bbox 0 0 1598 5009">
     <span class='ocr_line' id='line_1_40' title="bbox 0 0 1598 5009; baseline 0 0"><span class='ocrx_word' id='word_1_343' title='bbox 0 0 1598 5009; x_wconf 95' lang='lat' dir='ltr'> </span> 
     </span>
    </p>
   </div>
  </div>
 </body>
</html>
