3175 5009
805 407 845 468 10

267 596 345 658 time
369 596 407 657 ad
432 615 503 658 eam
531 616 608 677 rem,
637 617 775 679 quacum
806 598 905 660 altera
937 614 988 658 res
1021 598 1231 677 comparatur,
1261 594 1382 657 subau-

268 703 374 765 diatur
401 707 456 765 aut
484 704 628 785 ejusdem
655 704 755 786 verbi,
789 703 875 786 quod
907 704 946 766 de
975 702 1073 764 altera
1105 705 1296 785 usurpatum
1325 705 1382 782 est,

268 814 324 872 aut
347 810 479 892 copulae
502 810 590 873 ‘esse’
615 812 723 894 aliqua
746 807 898 892 10001033)
945 809 1037 871 Adde
1066 798 1153 891 quod
1182 828 1292 871 omnes
1320 809 1382 870 loci

268 937 286 976 a
310 914 514 979 liachnranno
539 919 661 981 collecti
687 939 750 980 non
776 923 885 980 carent
907 917 1064 999 particula
1088 916 1303 998 comparativa
1325 914 1380 977 ‘ut'

267 1024 319 1085 vel
352 1024 530 1105 ‘quantum'
566 1024 617 1086 rel
652 1025 768 1108 ‘quam’
805 1030 862 1086 cte.
916 1022 1030 1105 Itaque
1065 1034 1173 1086 nostro
1208 1023 1277 1084 loco
1311 1026 1382 1104 post

181 1209 183 1214 ι
267 1130 452 1211 ‘dignitatis'
477 1134 508 1193 et
530 1136 603 1193 ante
626 1131 677 1193 ιΜ.
695 1130 819 1194 Caesar’
844 1135 948 1193 totunr
969 1149 1099 1192 versum
1123 1129 1281 1192 excidisse
1304 1133 1381 1211 puto

271 1242 302 1299 et
326 1238 387 1299 tale
412 1238 491 1319 quid
520 1237 723 1302 aFrontone
751 1239 905 1321 scriptum
940 1255 1008 1299 esse
1037 1237 1181 1317 conjicio:
1210 1237 1287 1300 ‘Nec
1315 1236 1380 1299 ulla

267 1364 424 1425 umquam
461 1364 558 1407 scena
592 1349 720 1407 tantum
754 1345 868 1408 habuit
902 1344 1074 1424 dignitatis
1108 1338 1279 1427 [quantum
1302 1345 1381 1405 milri

266 1447 420 1536 tribuere]
458 1449 499 1512 tt.
530 1450 647 1515 Caesar
680 1457 776 1532 actor,
810 1451 901 1515 Titus
936 1455 1010 1536 imp.
1045 1451 1221 1536 spectator'.
1272 1451 1320 1513 Ea
1346 1471 1381 1513 re

266 1577 371 1620 meam
396 1560 584 1621 sententiam
610 1560 835 1622 commendare
862 1580 1003 1642 possum,
1032 1561 1118 1645 quod
1143 1581 1161 1622 a
1184 1557 1291 1621 verbis
1316 1555 1379 1643 [dl.

268 1663 392 1727 Caesar'
409 1686 530 1728 novum
546 1667 742 1729 versiculum
758 1668 793 1727 in
810 1667 918 1729 codice
934 1669 1075 1750 incipere
1090 1666 1263 1730 verisimile
1282 1661 1381 1744 est39)

354 1767 406 1841 Ad
428 1767 472 1840 M.
498 1768 590 1843 (1000.
613 1767 673 1858 1,8
696 1799 736 1822 ==
760 1794 790 1865 p.
803 1771 842 1843 21
859 1793 889 1842 ν.
908 1771 955 1843 15.
993 1774 1135 1856 ‘Ubique
1157 1775 1257 1856 igitur
1278 1791 1381 1855 popu-

265 1878 317 1939 100
352 1880 536 1942 dominatur
570 1887 601 1942 et
634 1881 816 1961 praepollet.
867 1881 997 1963 igitur
1031 1885 1068 1943 ut
1099 1880 1217 1964 populo
1253 1884 1381 1962 gratum

267 1986 338 2066 eritq
359 1987 402 2048 ita
424 1987 522 2049 facies
545 1991 640 2068 atque
664 1984 782 2074 (11000).
828 1987 925 2051 Recte
949 1988 1095 2071 Sohopen
1119 1988 1267 2069 conjecit:
1292 1985 1381 2048 ‘Ubi-

268 2111 368 2172 que..
393 2094 574 2175 praepollet,
597 2093 665 2175 ibi,
688 2098 725 2155 ut
738 2142 744 2154 .
759 2143 765 2156 .
782 2099 910 2176 gratum
934 2096 1003 2177 erit,
1024 2095 1134 2158 facies'
1152 2143 1199 2156 ...
1223 2093 1285 2156 Sed
1309 2111 1380 2174 pro·

264 2200 337 2282 pius
362 2200 401 2261 ad
426 2200 545 2262 codicis
570 2201 760 2283 scripturam
777 2200 966 2264 accedemus
983 2202 1151 2265 scribendo
1175 2200 1237 2263 ‘ibi
1261 2209 1301 2262 tu
1326 2199 1379 2261 ut'.

354 2302 405 2375 Ad
428 2301 472 2375 Μ.
498 2302 589 2377 (laesi
613 2302 784 2398 H3=p.
801 2303 915 2389 28,18·
946 2308 1003 2371 ‘Ne
1027 2309 1162 2387 valeam,
1184 2309 1248 2371 nisi
1273 2308 1381 2390 aliqua

267 2413 316 2475 die
341 2415 431 2496 virga
458 2415 492 2474 in
516 2433 633 2476 manus
661 2413 718 2476 tibi
748 2413 904 2475 tradenda
939 2419 1032 2494 erat,
1067 2415 1212 2477 diadema
1246 2417 1381 2477 circum-

265 2520 460 2602 ponendum,
505 2520 646 2583 tribunul
687 2521 887 2603 ponendum:
929 2526 997 2582 tum
1031 2540 1144 2604 praeco
1180 2523 1285 2584 omnis
1321 2541 1379 2583 nos

266 2628 376 2689 citaret
409 2623 478 2712 sql.
534 2625 581 2689 De
617 2627 714 2690 rebus
748 2628 866 2691 futuris
901 2629 977 2690 dicit
1009 2627 1051 2689 M.
1080 2626 1204 2709 Caesar,
1239 2648 1304 2690 non
1340 2628 1379 2691 de

265 2734 450 2814 praeteritis.
497 2735 611 2817 Itaque
635 2754 713 2797 corr.
738 2734 1016 2798 ι1001οι010001.

353 2834 405 2908 Ad
419 2834 464 2908 M.
483 2836 574 2912 11000.
590 2837 625 2910 Π
640 2838 659 2911 6
680 2871 720 2889 ³2
736 2862 765 2933 p.
782 2838 820 2912 31
838 2861 867 2911 v.
883 2840 926 2911 11,
968 2841 1008 2903 M.
1028 2841 1145 2905 Caesar
1163 2841 1202 2904 de
1222 2845 1380 2905 encomio-

355 3105 400 3172 38)
420 3107 494 3159 010.
514 3124 538 3173 g.
557 3107 642 3159 Varro
661 3123 681 3161 r.
701 3124 721 3162 r.
741 3108 812 3177 114,
832 3111 848 3161 2
868 3109 946 3160 'dixit
964 3107 1086 3160 celeriter
1104 3124 1132 3160 00
1157 3108 1225 3174 11100,
1245 3110 1275 3159 nt
1293 3109 1379 3160 scrofa

270 3210 363 3260 porcos
391 3194 438 3262 (sc.
462 3194 572 3263 disjicit)
596 3194 786 3262 disjecturum'.
825 3197 903 3249 Luer.
927 3197 1040 3249 111130
1068 3197 1201 3263 ‘quoniam
1230 3199 1270 3249 ost
1297 3197 1380 3249 animi

267 3284 362 3335 natura
380 3285 485 3350 reperta
502 3285 590 3352 Atque
611 3284 715 3336 animae
735 3284 812 3351 quasi
832 3300 893 3350 pars
911 3284 1028 3338 hominis
1047 3284 1096 3354 (sc.
1115 3285 1168 3354 sit).

357 3370 402 3439 39)
421 3372 497 3424 Licet
514 3374 570 3441 ipse
590 3377 738 3441 computes:
758 3373 800 3426 Ita
818 3373 964 3426 secundum
983 3375 1118 3427 Naberum
1138 3377 1165 3425 et
1183 3373 1301 3428 Student.
1320 3374 1337 3425 1.
1357 3390 1379 3428 c.

267 3475 292 3525 p.
311 3457 350 3510 vl
370 3460 429 3513 adn.
449 3462 476 3525 2)
497 3479 522 3528 p.
541 3463 579 3514 IV
599 3465 658 3516 adn.
678 3461 705 3530 2)
725 3465 751 3514 01
769 3478 794 3530 p.
814 3462 881 3515 VHI
900 3463 959 3517 adn.
980 3463 1006 3532 1)
1030 3464 1117 3530 prima
1141 3478 1236 3514 manus
1259 3462 1379 3528 scripsit:

268 3545 311 3600 ‘M.
332 3548 428 3600 Caesar
446 3552 519 3603 actor
536 3551 610 3604 Titus
638 3552 782 3619 imperator
809 3552 874 3619 quid
894 3551 1009 3618 amplius
1037 3551 1191 3616 contingere
1221 3552 1296 3617 potos
1327 3550 1380 3602 nisi

267 3649 351 3685 unum
372 3636 441 3702 quod
461 3637 489 3689 10
508 3639 581 3693 eaelo
599 3641 657 3693 fieri
676 3643 752 3707 poeto
770 3642 860 3692 ferunt
879 3657 931 3708 quo
943 3641 1010 3692 Jove
1029 3640 1153 3693 audiente
1166 3639 1259 3691 Musae
1273 3642 1381 3691 cantant

269 3764 274 3775 .
295 3765 301 3775 .
321 3724 393 3775 enim
411 3741 475 3778 vero
495 3731 566 3796 quib.
586 3746 634 3797 ego
652 3730 780 3797 gaudium
799 3747 888 3781 meum
908 3729 997 3781 verbis
1016 3729 1167 3796 exprimere
1180 3715 1294 3796 possim,
1309 3730 1380 3796 quod

268 3816 413 3868 orationem
441 3817 520 3871 istam
548 3835 634 3871 meam
661 3821 708 3871 tua
735 3835 818 3872 mauu
841 3818 1002 3886 descriptam
1028 3819 1125 3871 misisti
1145 3817 1213 3869 mihi
1233 3861 1239 3872 .
1260 3860 1265 3870 .
1286 3834 1380 3870 renim
1474 3857 1477 3862 .

267 3907 324 3962 est’.
361 3907 429 3961 Sunt
448 3911 499 3964 223
518 3907 639 3976 singulae
658 3907 771 3965 litterae.
809 3908 899 3961 Nabar
916 3910 995 3975 prael.
1016 3925 1042 3975 p.
1055 3907 1096 3959 XI
1112 3907 1140 3959 in
1159 3906 1273 3973 singulis
1297 3906 1380 3958 versi-

267 3998 317 4050 bus
340 3998 489 4052 litterarum
513 4013 656 4050 numerum
674 4012 734 4049 raro
758 3995 829 4048 infra
854 3996 1008 4063 quindecim
1027 3996 1071 4050 vel
1096 4012 1178 4063 supra
1201 3995 1299 4062 uiginti
1322 4011 1380 4048 esse

267 4088 386 4140 testatur.
423 4088 484 4141 Jam
508 4088 531 4141 si
555 4103 646 4140 eorum
669 4100 805 4151 versuum,
830 4100 896 4151 quos
915 4085 1032 4142 Student.
1052 4086 1204 4140 accuratius
1229 4084 1380 4151 descripsit,

267 4177 417 4230 litterarum
445 4193 586 4230 numerum
610 4190 755 4242 comparas
780 4174 885 4226 medius
904 4190 1031 4228 numerus
1050 4175 1120 4228 inter
1138 4173 1328 4242 septemdecim
1354 4175 1381 4225 et

269 4265 452 4334 duodeviginti
471 4266 575 4318 litteras
594 4265 662 4317 situs
681 4264 728 4330 est,
742 4263 788 4315 sod
803 4262 886 4329 priori
905 4280 1015 4317 numero
1034 4264 1141 4331 propior
1160 4264 1208 4316 est.
1243 4261 1338 4328 Itaque
1356 4261 1380 4314 01

267 4355 318 4408 hoc
336 4371 447 4408 numero
466 4354 613 4410 dividimus
632 4367 773 4405 numerum
792 4352 853 4419 223,
872 4353 975 4405 evadit:
995 4354 1046 4408 223
1066 4369 1099 4403 =
1118 4352 1171 4421 (17.
1191 4350 1234 4420 13)
1254 4351 1287 4419 -)-
1307 4352 1332 4407 2.
