3175 5009
723 422 762 483 21

185 617 217 675 et
239 610 445 694 primoribus
473 616 509 672 ut
532 610 659 692 dicitur,
682 608 827 695 labris54)
852 610 1024 690 delibasse;
1048 631 1168 693 eosque
1190 630 1303 693 prove-

186 721 258 782 nire
275 718 620 798 malitiosissimus,
645 720 750 800 quiin
766 718 926 782 vestibulo
943 720 1020 781 artis
1036 718 1196 780 obversati
1212 719 1302 801 prius

187 826 263 889 inde
296 826 466 888 averterint
504 844 600 906 quam
635 824 892 908 penetraverint}
951 824 1025 888 Non
1062 825 1100 888 de
1132 825 1302 887 hominum

187 932 330 996 moribus
354 932 410 995 sed
433 932 472 994 de
495 951 606 994 eorum
622 932 796 1012 intellectu,
812 939 888 1013 arte⁷
912 932 1055 994 doctrina
1070 932 1303 994 semiscientiae

189 1039 337 1123 periculis
362 1038 510 1102 obnoxiis
534 1038 611 1100 dicit
632 1037 759 1119 Fronto,
786 1039 820 1100 id
849 1039 932 1121 quod
959 1058 976 1101 e
999 1038 1220 1121 sequentibus,
1246 1037 1304 1101 ubi

135 1153 139 1158 ’
187 1147 226 1209 de
250 1146 433 1208 semidoctis
460 1145 642 1208 rhetoribus
671 1147 736 1228 agit
758 1167 786 1228 p.
805 1146 843 1206 51
870 1168 899 1209 v.
921 1146 938 1205 7
957 1165 1002 1228 sq.
1025 1145 1207 1208 luculenter
1233 1164 1304 1227 per-

186 1255 333 1336 spicitur:
359 1253 485 1316 ‘Tamen
510 1255 613 1316 estin
638 1254 709 1315 aliis
733 1253 857 1316 artibus
882 1253 937 1315 ubi
959 1252 1122 1315 interdum
1142 1252 1303 1315 delitiscas

185 1364 216 1423 et
238 1361 361 1443 peritus
384 1361 546 1444 paulisper
561 1360 698 1424 habeare
714 1357 842 1442 quod55)
866 1361 1000 1423 nesciae.
1046 1358 1086 1421 In
1101 1359 1209 1422 verbis
1227 1378 1302 1432 vero

186 1468 342 1550 eligendis
366 1466 637 1549 conlocandisque
660 1468 734 1529 ilico
759 1467 885 1530 dilucet.
932 1466 999 1530 Nec
1023 1465 1122 1529 verba
1146 1466 1221 1528 dare
1246 1465 1302 1528 diu

189 1570 302 1656 quisti)
325 1564 439 1656 potest,
467 1575 548 1655 quin
572 1593 606 1636 se
628 1576 697 1656 ipse
719 1574 847 1636 indicet¹
863 1572 1035 1636 verborum
1058 1575 1208 1656 ignarum
1232 1591 1302 1636 esse

187 1700 287 1763 eaque
319 1682 402 1744 male
434 1680 567 1763 probare
603 1684 634 1742 et
664 1687 781 1743 temere
816 1683 1001 1744 existimare
1034 1685 1065 1743 et
1096 1681 1196 1742 inscie
1227 1698 1302 1741 con-

186 1792 320 1850 trectare
360 1806 468 1870 neque
505 1787 638 1849 modum
678 1807 784 1870 neque
818 1789 946 1870 pondus
980 1788 1071 1851 verbi
1103 1785 1301 1849 internosse’.

185 1896 284 1976 Artis
315 1914 380 1957 non
411 1913 540 1957 morum
571 1895 759 1976 pravitatem
784 1895 868 1958 dicit.
916 1895 1030 1977 ltaque
1054 1894 1165 1956 nullus
1189 1893 1301 1955 dubito

188 2003 268 2084 quin
297 2001 379 2064 illud
410 2000 710 2081 ‘malitiosissimos’,
742 2002 828 2083 qrrod
861 2021 918 2084 per
948 2021 982 2064 se
1012 2001 1155 2083 intellegi
1186 2009 1302 2082 posset,

187 2108 242 2170 sed
268 2127 330 2170 non
354 2109 504 2191 congruit
527 2127 602 2170 cum
627 2109 725 2170 totius
741 2109 803 2170 loci
827 2109 960 2170 consilio
977 2113 1008 2170 et
1026 2109 1159 2188 ratione,
1181 2107 1300 2169 falsum

187 2216 238 2291 sit,
269 2215 569 2296 conjiciendumque
600 2215 642 2277 sit
673 2215 927 2295 ‘vitiosissimos',
961 2233 1043 2297 quae
1074 2234 1140 2276 vox
1164 2233 1238 2285 cum
1262 2214 1303 2275 ad

189 2326 370 2405 utrumque,
401 2326 432 2383 et
463 2321 503 2383 ad
534 2341 639 2384 mores
672 2326 703 2384 et
735 2322 772 2384 ad
806 2328 905 2385 artem
938 2325 1065 2404 spectet,
1098 2325 1206 2384 tamen
1229 2321 1259 2381 h.
1283 2321 1302 2382 l.

187 2430 317 2512 ancipiti
351 2448 451 2491 sensu
482 2448 550 2491 esse
587 2430 708 2510 nequit.
758 2428 918 2512 Marginis
954 2430 1124 2491 lectionem
1155 2428 1303 2490 ‘malitio-

169 2534 339 2598 sissimus'
363 2539 472 2598 nostro
492 2536 566 2616 J'ure
589 2535 669 2597 nihil
693 2555 854 2598 curamus.
901 2537 938 2598 cf.
964 2555 1060 2618 supra
1083 2535 1155 2596 adn.
1173 2535 1235 2613 49).

274 2690 327 2764 Ad
348 2689 394 2762 M.
417 2690 509 2765 (lues.
530 2690 620 2781 IV,3
643 2729 687 2744 Σ
710 2715 741 2787 p.
764 2692 806 2766 65
829 2717 860 2765 V.
882 2694 931 2766 15.
977 2695 1144 2795 ‘Pleraque
1172 2695 1205 2756 in
1235 2715 1303 2756 ora-

186 2803 273 2864 tioue
305 2801 416 2864 ordine
448 2803 615 2864 inmmtato
647 2802 698 2865 vel
729 2807 812 2865 rata
843 2804 940 2866 verba
970 2804 1066 2884 fiunt,
1104 2803 1155 2865 vel
1193 2821 1303 2885 super-

186 2927 347 2970 vacanea*
382 2907 505 2971 Navem
529 2910 692 2971 triremem
715 2910 789 2972 rite
814 2911 960 2991 dixerim,
993 2911 1154 2972 triremem
1186 2928 1303 2971 navem

187 3034 425 3097 supervacaneo
457 3016 643 3079 addiderim.
695 3015 811 3099 Neque
842 3019 927 3080 enim
959 3016 1140 3101 periculum
1172 3020 1228 3094 est,
1261 3034 1303 3077 ne

188 3122 261 3203 quis
291 3121 473 3184 lecticulam
509 3127 565 3185 aut
601 3124 730 3186 raedam
767 3129 822 3187 aut
859 3125 1014 3186 citharam
1047 3124 1207 3185 triremem
1240 3122 1304 3184 dici

188 3226 379 3311 arbitretur}
432 3228 662 3294 Concinnitatis
695 3231 765 3314 lege
796 3232 986 3314 postulatur,
1020 3236 1057 3293 ut
1089 3231 1300 3311 corrigamus:

186 3336 312 3398 ‘navem
343 3337 506 3399 triremem
542 3341 621 3399 rate
650 3335 715 3420 (vel
746 3341 828 3400 rato
860 3337 896 3398 cf,
921 3336 1009 3401 Foro.
1035 3357 1058 3399 s.
1083 3338 1123 3416 v.)
1156 3336 1303 3416 dixerim,

187 3442 348 3505 triremem
372 3462 487 3505 navem
512 3463 750 3527 supervacaneo
775 3443 972 3506 addiderim'.

275 3581 327 3655 Ad
351 3579 398 3653 M.
420 3580 512 3656 (laed.
533 3578 627 3670 IV‚3
651 3611 692 3643 =
716 3605 748 3676 p.
770 3581 812 3655 65
839 3606 871 3654 V.
892 3582 936 3655 24
961 3604 1009 3677 sq.
1057 3585 1164 3649 Verba
1192 3604 1303 3647 versus

186 3764 398 3771 ——-——-—--

276 3887 321 3956 54)
340 3904 355 3939 e
373 3885 549 3939 Klussmanni
567 3903 592 3953 p.
612 3887 646 3939 43
665 3887 824 3954 conjectura.
845 3886 902 3943 cod,
922 3884 1026 3938 labiis.

278 3995 321 4057 55)
340 3992 434 4046 Malim
454 3992 549 4060 ‘quom'
574 3992 615 4062 (:
637 3990 776 4060 quamvis).
813 3990 869 4042 Vix
893 3990 966 4043 enim
990 3991 1117 4062 credibile
1144 3993 1193 4057 est,
1219 3990 1303 4043 Fron-

188 4086 276 4136 tonem
295 4082 345 4135 hcc
364 4082 452 4134 dicere
471 4081 597 4148 voluisse,
616 4097 675 4133 eam
693 4080 780 4148 ipsam
793 4080 826 4133 ob
838 4097 895 4132 rem
915 4080 997 4147 quod
1016 4080 1077 4147 quis
1096 4079 1206 4146 nesciat,
1226 4095 1302 4146 posse

188 4188 248 4224 eum
267 4187 315 4239 pro
334 4171 419 4238 perito
437 4169 538 4224 haberi.
562 4169 594 4221 Id
612 4168 684 4221 enim
703 4185 750 4237 per
762 4185 790 4222 se
810 4169 955 4222 absurdum
979 4170 1006 4220 et
1024 4184 1040 4221 a
1058 4170 1147 4221 nostro
1166 4167 1224 4221 loco
1237 4167 1302 4220 olie-

187 4259 330 4314 nissimum
349 4260 396 4314 est.

277 4367 322 4435 56)
341 4382 356 4419 e
380 4364 555 4419 Klussmanni
576 4363 594 4417 1.
614 4380 637 4421 c.
655 4381 680 4434 p.
701 4365 734 4418 43
759 4365 912 4435 conjectma
934 4363 1059 4432 perbona.
1084 4363 1147 4418 Cod.
1172 4362 1301 4417 diutius.
