3175 5009
724 422 765 486 19

185 617 242 676 aut
274 613 370 696 pauci
401 615 455 675 aut
487 616 613 694 praeter
637 610 788 675 Catonem
814 618 845 675 61
868 610 1050 677 Gracchum
1073 633 1167 676 nemo
1190 613 1302 677 tubam

184 719 293 799 inflat3
330 738 440 782 omnes
474 724 582 782 autem
617 720 767 801 mugiunt
800 720 852 782 vel
884 720 1024 782 stridunt
1054 708 1169 803 potius.
1217 719 1302 794 Quid

185 828 286 910 igitur
301 825 427 888 Ennius
450 826 514 908 egit
535 844 631 907 quem
646 826 772 909 legisti?
798 826 877 908 quid
892 827 1075 909 tragoediae
1091 827 1131 889 ad
1147 846 1301 890 versum

188 931 368 996 sublimiter
389 931 578 995 faciundum
601 936 633 995 te
653 933 830 1014 juvarunt?
853 932 1049 1016 Plerumque
1072 935 1159 996 enim
1175 934 1215 996 ad
1231 954 1300 997 ora-

188 1041 307 1102 tionem
329 1039 510 1102 faciendam
533 1059 656 1121 versus,
679 1039 719 1102 ad
741 1039 991 1103 versificandum
1015 1041 1115 1103 oratio
1127 1042 1230 1124 magis
1246 1040 1300 1103 ad-

180 1145 294 1230 juvatl.
342 1145 517 1229 Opprobrio
540 1146 616 1209 facit
639 1146 806 1229 discipulo,
822 1147 908 1229 quod
924 1148 1119 1210 comicorum
1135 1152 1301 1230 poetarum

186 1257 415 1335 oratorumque
446 1257 593 1316 veterum
624 1251 733 1315 verbis
765 1255 940 1316 orationem
971 1273 1064 1316 suam
1086 1256 1300 1338 pompaticam

185 1379 250 1421 non
274 1363 360 1422 recte
384 1361 559 1444 ornaverit,
575 1359 720 1422 Ennium
743 1363 852 1422 autem
875 1362 1079 1444 tragicosque
1093 1364 1212 1444 poetas,
1229 1362 1300 1443 qui-

183 1465 254 1547 bus
277 1485 353 1528 cum
375 1466 560 1549 plenissimo
585 1485 639 1529 ore
658 1466 843 1548 loquantur,
864 1469 1067 1550 potissimum
1082 1468 1130 1530 uti
1147 1467 1300 1548 debuerit,

184 1574 279 1655 plane
314 1573 498 1656 neglexerit.
544 1572 663 1635 Mirum
697 1578 754 1654 est,
784 1572 978 1638 Frontonem
1007 1574 1046 1637 dc
1070 1575 1211 1637 oratione
1235 1576 1299 1657 epi-

186 1679 319 1743 deictica
352 1683 499 1763 agentem
528 1678 634 1742 subito
658 1680 697 1742 de
719 1679 868 1744 versibus
891 1680 1051 1744 faciundis
1074 1681 1173 1763 loqui,
1208 1683 1300 1764 quasi

183 1806 260 1850 vero
284 1787 432 1869 discipuli
456 1787 557 1849 oratio
581 1785 728 1850 versibus
752 1789 927 1871 composita
944 1787 1066 1851 fuisset.
1112 1787 1174 1851 Sed
1197 1789 1300 1871 magis

183 1895 281 1957 etiam
312 1895 444 1974 mirum,
478 1894 514 1954 in
546 1893 757 1976 sequentibus
788 1893 1144 1977 ‘plerumque-adjuvat
1182 1896 1299 1957 iterum

185 2000 224 2063 de
247 2020 341 2083 prosa
364 2000 505 2063 oratione
530 2018 684 2063 versuum
706 2000 843 2064 lectione
866 2000 1049 2082 adjuvanda
1070 2002 1091 2064 i.
1109 2021 1134 2064 6.
1152 2000 1299 2064 versibus

184 2106 313 2170 insertis
330 2107 517 2169 exornanda
532 2108 591 2190 agi.
638 2105 722 2182 Quid
738 2107 861 2169 multa?
884 2106 1046 2170 Versum
1062 2107 1299 2191 ineptissimum

186 2219 243 2294 est,
265 2219 296 2276 et
319 2213 589 2277 confidentissime
613 2214 763 2277 emendo:
793 2214 843 2276 ‘ad
866 2213 1027 2277 verbum
1051 2214 1231 2278 sublimiter
1253 2214 1299 2277 fa-

185 2319 357 2382 ciundum’.
404 2317 496 2394 Quod
531 2321 688 2403 singulari
722 2339 858 2383 numero
881 2319 999 2383 Fronto
1027 2322 1143 2403 utitur,
1175 2323 1210 2384 in
1237 2322 1298 2384 hoc

184 2444 224 2488 ne
247 2425 389 2489 offendas
413 2426 451 2489 ef.
474 2447 503 2510 p.
528 2428 570 2488 65
594 2447 625 2491 v.
644 2427 685 2489 13
709 2427 809 2490 ‘visus
833 2447 866 2490 es
889 2428 969 2489 mihi
991 2429 1125 2510 insuper
1139 2426 1298 2508 habuisse,

182 2551 257 2595 cum
291 2532 435 2596 ordinem
463 2533 572 2597 verbi
601 2535 649 2597 tui
680 2535 917 2616 immutassem,
950 2536 999 2597 uti
1026 2540 1100 2597 ante
1127 2535 1298 2617 tricipitem

182 2639 318 2720 dicares,
354 2660 450 2722 quam
474 2639 658 2721 Geryonam
686 2640 879 2704 nominares’
907 2661 936 2723 p.
964 2642 1027 2703 225
1051 2661 1081 2702 v.
1106 2642 1124 2703 2
1148 2641 1194 2703 ‘ut
1216 2639 1298 2703 bene

180 2745 316 2810 haberes
349 2748 445 2830 genio
477 2748 589 2829 utique
621 2747 737 2811 verbo
768 2753 876 2811 vetere
903 2747 1025 2810 faceres
1048 2748 1156 2810 animo
1180 2747 1299 2831 volup’,

180 2852 239 2915 ubi
269 2872 287 2916 e
313 2853 579 2935 praecedentibus
607 2854 882 2937 sequentibusque
911 2859 1055 2937 apparet,
1090 2854 1129 2917 de
1152 2858 1298 2917 vetorum

182 2960 318 3043 scriptis,
340 2961 462 3023 nonde
480 2959 648 3043 proverbio
668 2961 806 3043 quodam
820 2965 924 3024 vetere
936 2960 1034 3024 verba
1045 2959 1122 3023 fieri.
1146 2981 1176 3043 p.
1193 2961 1297 3042 1624

182 3067 348 3130 ‘verbum
371 3067 502 3149 aliquod
525 3068 675 3150 adquiras
698 3087 764 3130 non
786 3067 899 3131 fictum
922 3088 941 3130 a
963 3073 1003 3149 te,
1027 3067 1084 3130 scd
1107 3073 1297 3150 usurpatum

182 3174 373 3236 concinnius
396 3178 452 3236 aut
475 3174 705 3257 congruentius
729 3179 784 3237 aut
808 3171 1089 3255 commodatius.⁵2)
1113 3173 1297 3238 —Eadem

183 3280 363 3343 emendatio
387 3279 496 3362 (verba
518 3300 575 3364 pro
608 3280 674 3343 cod.
698 3282 805 3361 versa)
838 3302 867 3364 p.
894 3282 954 3343 121
981 3301 1009 3343 v.
1038 3282 1074 3342 ll
1101 3301 1120 3343 a
1143 3279 1294 3362 Machlyo

181 3384 295 3449 Philol.
319 3385 402 3448 XIX
426 3407 456 3469 p.
482 3387 545 3449 159
569 3392 600 3449 et
622 3387 764 3470 Hauptio
786 3387 871 3450 facta
893 3394 950 3453 est.

269 3491 392 3556 Eodem
426 3493 521 3555 modo
555 3493 690 3557 fortasse
726 3493 890 3556 sanandus
925 3495 985 3558 erit
1022 3495 1113 3557 locus
1149 3488 1197 3563 De
1224 3489 1296 3564 Fer.

180 3593 424 3691 Alufflzp.
441 3595 506 3670 230
524 3597 605 3669 ull:
642 3598 691 3662 Ea
713 3601 839 3663 somnia
869 3600 1060 3683 plerumque
1094 3601 1297 3664 adversum

182 3710 425 3768 convertunt.
471 3705 583 3789 Igitur,
607 3706 723 3789 Marce,
746 3708 773 3769 si
798 3726 863 3789 quo
886 3706 945 3769 tibi
969 3708 1092 3770 somnio
1115 3707 1191 3769 hinc
1215 3727 1297 3791 opus

181 3817 237 3894 est,
261 3831 374 3877 censeo
397 3812 501 3876 libens
525 3813 666 3876 dormias
689 3814 847 3896 tantisper
869 3813 947 3875 dum
972 3812 1058 3895 quod
1082 3814 1175 3895 cupis
1196 3814 1297 3895 qnod-

182 3937 244 4001 qne
279 3924 411 4003 exoptas
445 3919 592 4001 vigilanti
623 3918 681 3981 tibi
715 3917 889 4003 optingatl.
935 3916 983 3981 De
1015 3917 1133 3981 talibus
1162 3920 1296 3982 somniis

268 4094 314 4164 52)
339 4095 470 4150 Similiter
492 4094 597 4148 ‘littera’
620 4094 751 4164 singulari
775 4111 887 4148 numero
909 4093 1015 4163 legitur,
1033 4093 1081 4146 ubi
1098 4093 1229 4161 pluralem
1248 4110 1296 4147 ex-

180 4186 345 4251 spectamus:
373 4202 399 4253 p.
419 4185 452 4240 61
471 4201 498 4238 v.
518 4185 565 4238 17:
594 4183 665 4238 ‘Sota
689 4183 833 4237 Ennianus
860 4183 989 4237 remissus
1012 4199 1028 4236 a
1051 4185 1078 4235 te
1102 4185 1129 4236 61
1151 4184 1180 4235 in
1203 4183 1296 4237 charta

180 4274 286 4342 puriore
311 4275 338 4327 et
361 4272 499 4327 volumine
523 4272 638 4341 gratiore
661 4274 688 4326 61
705 4272 823 4327 littera
841 4272 984 4341 festiviore,
1003 4287 1084 4341 quam
1103 4273 1295 4339 subsiderat,

179 4361 295 4419 ridetur.

1080 4461 1113 4514 2*
