3175 5009
813 384 834 444 8

268 591 379 654 quom
398 573 474 653 jam
498 573 537 659 τῇ
561 565 679 658 δεκάτη
704 561 749 657 [δ’
767 559 841 658 ἤδη]
866 562 1058 658 ἀνεφαίνετο
1074 566 1196 656 πατρὶς
1211 561 1379 658 ίίροι·ρα.33)

268 676 360 754 Quod
390 697 448 761 per
481 677 564 761 ‘jam'
599 683 631 742 et
662 668 747 766 ‘deq’
782 678 869 740 idem
903 678 1102 760 exprimitur,
1134 678 1166 739 in
1202 678 1262 741 hoc
1292 681 1381 743 nulla

268 784 399 847 oflensio
424 802 493 848 esse
515 789 626 868 potest.
673 784 718 847 Ut
741 785 827 848 enim
855 791 970 847 natura
997 784 1094 864 citati,
1122 784 1206 866 quod
1235 785 1381 868 dicimus,

266 890 338 969 fert,
362 892 513 954 orationis
537 893 710 955 continuae
734 896 765 955 et
787 890 961 954 verborum
989 890 1193 953 laudatorum
1221 897 1383 957 structura

266 1017 512 1079 nonnumquam
535 1018 602 1062 non
624 1017 758 1081 prorsus
780 1000 865 1061 inter
888 1017 922 1061 se
946 1002 1137 1081 congruunt.
1173 997 1209 1059 Ε.
1232 1019 1260 1081 g.
1285 999 1382 1063 uerba

266 1103 401 1168 Homeri
425 1102 474 1167 Od
498 1129 519 1167 α
536 1104 575 1166 57
601 1095 702 1190 αὐτὰρ
723 1096 893 1181 Ὀδυσσεὺς
912 1097 1045 1186 Ἱέμενος
1067 1101 1124 1169 καί
1148 1100 1274 1169 καπνὸν
1297 1098 1383 1170 ἀντο-

267 1205 464 1298 θρώσκοντα
499 1211 614 1297 νοῆσαι
642 1197 704 1289 Ἦς
738 1206 832 1300 γαίης
866 1208 999 1276 θανέειν
1034 1207 1194 1298 ἱμείρεται
1221 1213 1266 1275 ita
1292 1234 1311 1276 a
1339 1213 1382 1278 M.

269 1316 405 1381 Caesare
427 1338 457 1400 p.
483 1318 523 1380 10
547 1338 576 1380 r.
601 1317 642 1379 26
666 1317 854 1381 laudantur:
884 1317 1024 1383 Somnus
1051 1325 1158 1383 autem
1182 1319 1314 1384 Ulixem
1342 1340 1383 1385 ne

269 1425 404 1507 patriam
438 1424 566 1506 quidem
602 1444 693 1488 suam
729 1424 785 1487 diu
822 1420 1057 1512 [absentantem
1092 1446 1266 1509 agnoscere
1301 1429 1384 1509 sivit,

270 1533 332 1613 cuj
340 1550 384 1594 ns
408 1526 464 1595 καί
480 1525 607 1595 καπνὸν
625 1522 892 1617 ἀποθρώσκοντα
910 1533 1023 1620 νοῆσαι
1038 1520 1104 1610 Ἦς
1126 1529 1191 1617 γαί
1197 1558 1238 1620 ης
1252 1531 1384 1598 θανέειν

272 1632 441 1723 ἱμείρεται.
488 1636 640 1702 Similiter
654 1637 773 1702 Fronto
788 1659 818 1722 p.
837 1640 877 1701 95
894 1659 923 1699 r.
941 1640 982 1700 24
1006 1659 1052 1722 sq.
1066 1641 1144 1724 '‘ego
1161 1661 1236 1703 cum
1259 1643 1293 1703 in
1317 1661 1385 1704 ora-

270 1743 412 1807 tionibus
435 1746 549 1807 vestris
567 1746 701 1828 vestigia
717 1750 844 1809 nostrae
863 1751 967 1809 sectae
986 1747 1249 1828 animadvertero,
1268 1744 1386 1835 γέγηθε

271 1850 308 1914 de
338 1849 439 1939 φρένα
470 1845 586 1938 Λητώ.
643 1850 687 1915 Ft
716 1853 744 1916 si
775 1856 861 1915 recte
892 1851 1090 1917 Klussmann
1124 1856 1144 1917 l.
1168 1875 1193 1918 c.
1224 1876 1253 1937 p.
1279 1856 1319 1917 78
1350 1857 1385 1917 in

271 1955 379 2021 verbis
402 1957 508 2021 Prine.
532 1959 603 2022 hist.
627 1986 669 2006 =
691 1980 720 2042 p.
738 1959 802 2022 209
825 1979 854 2021 r.
873 1959 892 2021 9
913 1979 959 2041 sq.
982 1962 1131 2044 ‘namque
1154 1962 1267 2024 talium
1290 1962 1385 2024 faci-

271 2083 405 2127 norum
429 2085 527 2129 causa
549 2065 643 2128 facti
665 2065 751 2147 latet,
773 2066 894 2129 factum
917 2067 1088 2150 spectatur'
1112 2068 1291 2131 hexametri
1313 2089 1385 2151 par-

270 2175 335 2234 tem
359 2173 489 2254 agnovit
512 2173 620 2235 talem:
708 2227 711 2232 a

472 2276 561 2340 Facti
593 2298 689 2341 cansa
722 2280 809 2361 latet,
838 2280 960 2343 factum
991 2284 1159 2364 spectatur,

271 2385 367 2447 etiam
389 2385 442 2447 hic
464 2385 554 2448 locus
578 2385 652 2447 addi
674 2390 788 2469 potest,
812 2388 929 2470 quippe
953 2408 1018 2469 quo
1041 2389 1194 2451 alteruter
1215 2390 1386 2471 genetivus

273 2510 530 2575 supervacaneus
558 2493 612 2572 sit:
648 2493 681 2555 id
705 2494 791 2575 quod
815 2513 852 2557 ee
874 2498 1002 2558 tantum
1029 2495 1215 2558 condicione
1239 2497 1387 2559 excusari

272 2602 384 2682 potest,
407 2603 444 2662 ut
469 2598 568 2662 verba.
594 2600 701 2663 ‘causa
727 2636 770 2645 —
800 2601 971 2684 spectatur’
998 2621 1064 2664 non
1090 2603 1193 2685 ipsius
1218 2601 1388 2666 Frontonis

273 2724 344 2770 esse
368 2705 423 2769 sed
447 2723 489 2768 ex
511 2705 618 2786 aliquo
641 2711 734 2788 poeta
757 2707 860 2771 afferri
884 2708 1084 2774 arbitremur.
1131 2707 1280 2772 Cliniae
1303 2731 1331 2793 p.
1345 2710 1386 2773 40

274 2816 305 2875 et
329 2810 368 2874 de
391 2812 488 2875 simili
512 2812 653 2895 quodam
676 2815 823 2898 exemplo
847 2813 1063 2880 Frontoniano
1088 2816 1160 2879 adn.
1186 2817 1236 2881 91.

363 2914 415 2988 Ad
437 2914 482 2988 M.
508 2915 599 2991 Gaea.
623 2916 650 3008 I,
674 2917 695 2990 7
717 2949 759 2970 =
780 2943 812 3014 p.
830 2920 870 2993 19
892 2942 923 2993 r.
941 2919 981 2993 18
993 2942 1043 3016 sq.
1075 2922 1193 2987 Fronto
1216 2925 1387 2988 immodico

274 3025 448 3090 verborum
470 3036 597 3090 tumore
619 3027 782 3111 gloriatur,
806 3030 893 3112 quod
919 3030 960 3092 M.
984 3029 1101 3094 Caesar
1122 3032 1204 3113 patri
1226 3030 1295 3094 Tito
1319 3032 1388 3094 An-

274 3134 386 3197 tonino
413 3138 537 3216 partem
565 3136 718 3198 orationis
747 3157 766 3199 a
792 3136 953 3200 Frontone
982 3138 1118 3224 scriptae
1149 3138 1270 3220 legerit.
1318 3136 1388 3200 Hac

275 3259 309 3304 re
332 3259 366 3303 se
390 3240 540 3305 omnibns
565 3243 761 3325 quicumque
793 3248 868 3306 ante
895 3262 930 3307 se
958 3244 1096 3306 similem
1122 3244 1256 3327 gloriam
1284 3245 1390 3326 adepti

275 3352 391 3430 essent,
419 3353 589 3431 praestare.
635 3347 756 3433 Pergit:
790 3352 860 3413 ‘nec
892 3350 959 3414 nlla
981 3370 1138 3432 umquam
1170 3370 1286 3415 scaena
1318 3356 1388 3414 tan-

365 3612 411 3686 33)
434 3614 476 3669 lta
494 3614 624 3670 Naberus
661 3615 713 3669 Sed
737 3616 825 3685 Majiis
843 3618 873 3670 in
897 3616 1020 3671 omnibus
1044 3615 1131 3668 tribus
1156 3614 1331 3668 editionibus:
1355 3614 1390 3685 τῇ

276 3701 298 3755 δ’
316 3701 366 3772 ἤδη
389 3701 485 3777 δεκάτη
510 3696 665 3776 ἀνεφαίνετο
691 3712 784 3776 πατρὶς
802 3705 910 3778 ἄρουρα,
934 3722 988 3759 non
1007 3703 1107 3757 monito
1125 3703 1224 3757 lectore
1243 3704 1275 3757 de
1293 3703 1391 3757 lacuna

276 3793 304 3845 et
321 3793 434 3846 duorum
453 3794 595 3848 verborum
613 3790 708 3866 δεκάτη
727 3796 754 3847 et
772 3792 794 3846 δ’
812 3793 862 3861 ἤδη
882 3796 973 3849 ordine
992 3794 1140 3848 immutato.

366 3882 411 3950 34)
430 3881 493 3939 Cod.
513 3883 554 3935 ‘ne
573 3882 687 3951 patriam
706 3883 816 3951 quidem
836 3884 883 3936 diu
907 3886 1061 3953 agnasceret
1085 3880 1167 3949 sivit’,
1205 3880 1389 3935 Heindoriius:

278 3970 406 4024 ‘interdiu
424 3986 567 4039 agnoscere
587 3970 669 4026 sivit’.
706 3971 859 4025 Jacobsins:
879 3972 921 4025 ‘ne
940 3972 1053 4040 patriam
1072 3970 1221 4040 quaesitam
1235 3970 1282 4022 diu
1294 3987 1389 4038 agnos-

278 4059 366 4115 ceret.
403 4059 554 4128 Utrumque
578 4077 632 4113 non
658 4060 798 4115 satisfacit.
844 4060 965 4114 Fortasse
992 4064 1063 4114 recte
1090 4059 1209 4116 Jacobsii
1238 4059 1390 4128 conjectura

277 4151 321 4204 usi
340 4151 501 4204 scribemus:
532 4152 574 4204 ‘ne
592 4149 706 4218 patriam
725 4145 835 4217 quidem
855 4150 1052 4219 [quae]sitam
1076 4151 1124 4203 diu
1146 4164 1288 4217 agnoscere
1307 4148 1389 4202 sivit.

278 4237 330 4292 Sed
357 4240 491 4306 praestare
513 4238 622 4292 videtur
649 4239 720 4305 quod
746 4238 775 4290 in
803 4241 880 4291 textu
904 4238 966 4291 dedi
989 4237 1389 4306 p1·opterHom.0d.V188:

277 4325 355 4381 είδων
373 4331 402 4380 ἐν
419 4334 479 4399 γαίη
500 4334 629 4399 πατρωίῃ,
649 4317 712 4380 cedd
728 4332 773 4395 μὶν
791 4335 860 4398 ε’γνω
878 4324 929 4394 ἤδη
947 4324 1007 4395 θὴν
1025 4318 1144 4381 ἀπεών.
