3175 5009
754 407 794 467 15

216 616 291 659 cum
314 596 468 659 lacunam
500 598 650 680 expleret,
681 598 715 658 in
748 616 785 659 90
810 598 935 677 erravit,
968 597 1055 679 quod
1088 598 1186 661 rerba
1217 600 1268 662 ‘ex
1300 604 1331 661 19

217 704 313 766 disco.
360 703 408 767 lla
430 704 491 768 rcs'
515 724 579 767 non
596 709 668 786 post
690 702 828 784 ‘dicere',
854 702 908 765 sed
924 709 996 786 post
1026 704 1158 790 ‘verum’
1186 706 1330 768 inseruit.

215 810 289 873 dam
313 816 350 873 nt
374 830 488 874 sensus
511 811 759 894 intellegeretur,
782 816 856 873 ante
878 810 929 871 ‘ex
948 809 989 873 te’
1014 811 1183 893 adscripsit
1205 811 1330 874 ‘dicere'

216 922 248 979 91
269 925 342 1000 post
366 922 414 981 ‘ca
437 918 512 981 res':
536 917 677 981 ‘verum'.
1428 945 1434 957 ·

202 1099 205 1110 ¹
304 1019 357 1093 Ad
378 1020 423 1093 M.
449 1021 540 1096 (laos.
564 1019 626 1111 HI,
638 1021 675 1094 13
691 1057 736 1075 =
750 1044 780 1116 p.
798 1021 842 1094 50
864 1045 895 1093 v.
911 1022 935 1094 4
951 1044 997 1116 sq.
1045 1025 1162 1088 Fronto
1187 1023 1329 1086 Caesari:

216 1130 348 1212 ‘gaudeo
381 1179 417 1193 ..
443 1181 470 1213 .,
508 1136 555 1194 tot
592 1133 670 1194 mihi
701 1133 734 1193 in
769 1136 834 1194 tam
865 1131 990 1214 pau[cis
1023 1130 1148 1214 diebus]
1180 1131 1354 1213 epistulas

217 1237 360 1320 scriptae,
383 1257 501 1320 easque
524 1244 588 1300 tam
614 1239 783 1319 eleganter,
807 1244 873 1299 tam
896 1239 1005 1319 amice,
1028 1243 1093 1300 tam
1118 1238 1244 1319 blande,
1267 1242 1332 1299 tam

217 1343 325 1424 effuse,
349 1349 413 1406 tam
430 1341 645 1426 fragrarunt)
662 1346 866 1427 compositas,
892 1364 977 1407 curn
1000 1345 1095 1407 clam
1120 1349 1166 1407 tot
1188 1345 1332 1426 negotiis,

219 1456 298 1531 quot
320 1450 442 1527 officiis,
468 1455 547 1532 quot
568 1450 783 1513 rescribendis
807 1470 863 1534 per
883 1453 1064 1533 provincias
1081 1449 1332 1533 destringererel.

221 1556 327 1639 Majus
350 1558 474 1620 mavult
496 1558 552 1620 ‘tot
566 1576 646 1640 neg,
668 1562 715 1620 tot
731 1558 790 1638 off,
814 1562 860 1620 tot
876 1558 993 1621 roscr.'.
1040 1557 1223 1640 Simplicius
1240 1562 1332 1634 esset,

219 1666 247 1727 si
281 1664 385 1727 tribus
416 1651 494 1727 locis
519 1663 616 1746 ‘quot'
650 1664 872 1728 scriberemus.
918 1664 981 1727 Sed
1012 1665 1133 1727 codicis
1164 1664 1333 1727 lectionem

216 1771 291 1833 ferri
314 1790 409 1853 posse
432 1772 588 1833 existimo.
634 1771 734 1834 Aliud
768 1777 817 1835 est
849 1773 884 1833 in
917 1791 981 1853 quo
1014 1771 1219 1834 offendimus:
1257 1771 1332 1832 vitio

218 1879 303 1940 enim
326 1879 517 1960 gravissimo
541 1897 647 1960 neque
671 1883 779 1941 tamen
803 1900 821 1939 a
845 1898 1009 1960 quoquam
1037 1879 1206 1959 hucusque
1230 1878 1332 1939 anim-

219 1984 350 2047 adverso
384 1984 493 2047 verba*
513 1985 731 2068 deturpantur.
777 1986 862 2047 [llud
893 1985 995 2046 ‘clam'
1027 2005 1157 2067 prorsus
1187 1985 1332 2066 ineptum

220 2109 289 2152 esse
312 2092 380 2172 ipso
397 2090 515 2154 Fronto
541 2092 744 2172 demonstrat,
769 2093 879 2173 quiin
903 2092 1013 2153 eadem
1039 2091 1174 2173 epistula
1195 2091 1332 2173 saepius

221 2200 258 2257 ‘ut
284 2201 330 2258 est
359 2198 480 2280 loquax
503 2198 629 2274 mulier,
655 2198 802 2278 declarat,
832 2199 951 2280 optime
975 2217 1009 2260 99
1032 2199 1174 2279 scivisse,
1205 2199 1333 2279 quantis

222 2304 357 2384 negotiis
380 2301 422 2367 M.
441 2303 556 2367 Caesar
579 2303 777 2367 obrueretur.
824 2304 861 2367 ci.
878 2326 906 2387 p.
927 2305 1013 2366 obv.
1032 2304 1071 2365 11
1096 2305 1332 2387 ‘proposueram

220 2409 271 2470 vel
296 2410 434 2474 desidiae
458 2412 586 2493 culpam
610 2431 628 2472 a
652 2415 682 2473 te
705 2410 814 2473 subire
837 2411 943 2473 rarius
963 2410 1133 2473 scribendo
1149 2410 1208 2473 tibi
1224 2411 1331 2493 potius

220 2535 316 2596 quam
338 2520 370 2579 te
392 2519 504 2581 multis
527 2518 627 2581 rebus
660 2523 849 2600 occupatum
883 2518 1028 2600 epistulis
1061 2518 1141 2579 meis
1166 2536 1332 2579 onerarem

219 2628 251 2684 91
287 2623 327 2685 ad
362 2623 606 2688 rescribendum
641 2623 869 2707 provocarem'.
925 2646 954 2707 p.
988 2626 1027 2686 51
1065 2645 1095 2687 v.
1130 2625 1149 2685 2
1179 2625 1333 2707 ‘cogitans

219 2734 378 2811 quantum
394 2749 435 2792 ex
452 2733 596 2814 epistulis
612 2730 791 2795 scribendis
807 2731 926 2795 laboris
942 2751 1080 2815 capereS,
1102 2749 1332 2813 proposueram

218 2837 349 2918 parcius
372 2843 403 2899 te
426 2838 602 2921 appellare’.
648 2859 676 2921 p.
703 2839 742 2899 51
767 2859 796 2899 v.
823 2841 863 2901 18
894 2840 937 2901 ‘id
961 2858 1018 2920 ego
1042 2857 1109 2900 non
1131 2837 1333 2899 mediocriter

197 2944 337 3034 ‚anxius
361 2963 458 3026 eram,
481 2965 521 3007 ne
544 2946 734 3007 necessariis
757 2944 921 3008 laboribus
950 2946 1015 3007 tuis
1039 2963 1096 3027 ego
1119 2946 1253 3025 insuper
1277 2944 1332 3005 ali-

220 3050 299 3131 quid
330 3052 494 3114 molestiae
533 3057 630 3135 atqne
663 3053 769 3117 oneris
801 3055 1013 3134 imponerem,
1058 3051 1085 3112 si
1119 3054 1245 3132 praeter
1277 3068 1332 3111 eas

220 3158 384 3240 epistulas
416 3179 497 3242 quas
529 3159 568 3221 ad
600 3159 757 3242 plurimos
784 3160 965 3223 necessario
989 3177 1123 3220 munero
1147 3156 1260 3219 cotidie
1283 3175 1332 3218 re-

221 3265 346 3346 scribis,
382 3286 441 3355 900
474 3285 604 3348 000009
637 3267 678 3329 ad
708 3266 959 3331 rescribendum¹
981 3264 1166 3346 fatigarem'.
1219 3262 1333 3344 Itaque

220 3390 277 3452 pro
301 3373 367 3435 cod.
390 3375 475 3434 ‘cum
499 3371 591 3434 clam'
615 3375 764 3454 conjicio:
791 3368 1039 3456 quarnquam.47)

222 3496 425 3505 ————-.-..—

308 3548 353 3615 46)
372 3549 414 3601 Ita
425 3549 481 3602 cod.
493 3564 540 3616 pro
551 3547 708 3616 ‘flagranter’
717 3548 750 3602 cf.
760 3547 816 3602 ind.
829 3547 944 3616 orthogr.
952 3548 1332 3617 apudMajumNaberumqne.

308 3636 354 3705 ’41)
374 3637 565 3705 Conjunctivus
584 3635 794 3705 ‘destringercre’
815 3636 944 3708 sequitur,
964 3640 1034 3706 quod
1053 3640 1108 3691 tota
1126 3637 1273 3690 enuntiatio
1286 3637 1333 3690 ad-

222 3725 358 3778 versativa
387 3727 541 3780 accusativo
569 3743 629 3779 curn
657 3727 792 3780 infinitivo
820 3726 1015 3780 subordinatur.
1053 3726 1191 3779 Simillimi
1216 3728 1279 3778 sunt
1302 3725 1332 3776 hi

219 3812 333 3882 100154,
353 3815 377 3869 5.
403 3816 507 3887 7316.
531 3816 573 3884 97,
593 3816 617 3872 9,
641 3816 701 3883 143,
720 3814 746 3872 8,
771 3816 831 3883 180,
853 3816 875 3867 1.
917 3815 969 3868 Sed
997 3815 1079 3868 otiam
1106 3815 1153 3867 ubi
1180 3813 1334 3868 accusativo

220 3902 282 3955 curu
311 3903 445 3957 infinitivo
472 3921 526 3958 non
553 3903 750 3973 subordinatur,
779 3904 957 3972 ‘quamquam'
987 3921 1049 3958 cnm
1076 3901 1246 3970 conjunctivo
1270 3917 1333 3953 con·

216 3992 341 4059 junctum
359 3994 399 4046 991
417 3992 461 4046 his
479 3992 558 4046 locis:
580 3994 639 4063 111,
659 3993 692 4047 ‘21
712 3994 761 4045 ‘est
779 3993 898 4046 Herodes
917 4009 1039 4047 summus
1057 4006 1333 4059 0000019000οαοῑ-

220 4097 301 4150 quam
319 4083 407 4135 exstet
424 4082 514 4136 oratio'
534 4082 576 4152 (ε
599 4082 658 4150 138,
677 4081 713 4151 3).
751 4082 812 4152 132,
833 4083 866 4136 16
886 4081 1055 4149 ‘quamquam
1074 4097 1116 4132 me
1136 4080 1183 4132 diu
1201 4095 1263 4131 cum
1282 4078 1334 4131 ista

220 4170 374 4224 valetudine
399 4170 492 4225 vivere
517 4171 658 4238 ..pigeat
685 4171 857 4242 taedeatquc,
885 4167 1182 4225 tamen...vivan1'.
1221 4167 1279 4236 187,
1300 4166 1333 4221 18

220 4260 393 4328 ‘quamquam
418 4260 565 4328 reciperata
589 4260 626 4313 sit
643 4261 781 4314 connnoda
799 4259 937 4328 valetudo,
967 4258 1077 4312 trist'tia
1100 4261 1189 4312 tamen
1212 4257 1334 4310 inhaeret

220 4365 309 4403 annno
328 4349 403 4404 meo.⁷
