3175 5009
824 377 866 439 28

288 565 466 648 audituque
498 563 694 652 oblectaresl.
749 566 854 648 Majus
889 572 960 650 post
990 565 1113 628 ‘altum'
1144 567 1179 627 in
1203 564 1250 626 ed.
1275 563 1402 626 Mediol.

288 673 491 756 suppleverat
513 672 702 756 ‘profectum
749 674 810 738 Sed
845 693 910 736 non
941 678 989 737 ost
1007 672 1131 735 laouna.
1179 671 1243 734 Ser.
1267 671 1300 732 in
1325 671 1402 732 alto

287 784 325 843 te
349 779 410 842 obl.

244 868 248 875 ¹
374 881 422 955 De
445 905 518 978 nep.
543 906 606 957 am.
629 882 773 978 H=p.
792 883 855 957 233
877 907 908 955 v.
933 883 964 956 7.
1014 885 1140 948 ‘Poetae
1168 884 1256 946 eolus
1287 888 1319 945 et
1349 882 1403 946 fila

286 990 360 1053 fatis
384 991 568 1075 adsignant:
594 994 686 1056 nulla
708 994 848 1076 profecto
872 999 937 1055 tam
961 994 1002 1054 sit
1017 993 1198 1074 importuna
1216 995 1248 1052 et
1262 991 1403 1052 insciens

286 1097 422 1178 lanifica,
446 1119 529 1181 quae
552 1100 621 1163 erili
644 1105 737 1183 togae
760 1101 899 1162 solidum
923 1105 954 1163 et
972 1099 1142 1177 nodosum,
1165 1097 1273 1160 servili
1294 1100 1403 1159 autom

287 1205 403 1286 suptile
427 1209 457 1268 et
476 1211 572 1269 tenue
596 1211 763 1289 suptemen
781 1209 913 1280 neverit.
959 1206 1067 1268 Bonos
1086 1205 1172 1267 viros
1190 1204 1282 1265 lueto
1300 1203 1403 1283 adfici,

288 1311 389 1373 malos
419 1330 454 1374 re
487 1311 635 1375 familiari
670 1315 824 1377 ineolumi
860 1315 934 1394 frui,
969 1331 1074 1394 nequo
1112 1330 1261 1373 mensum
1296 1328 1402 1393 nequo

286 1437 425 1500 pensum
448 1418 586 1482 fatorum
610 1418 882 1504 lanificiumffi)
908 1421 999 1483 duco.

375 1523 445 1586 Nisi
479 1525 559 1589 forte
594 1528 697 1592 alius
731 1529 886 1611 quidem
913 1546 972 1590 nos
1007 1545 1096 1589 error·
1120 1525 1218 1606 jactat
1246 1528 1276 1586 et
1298 1524 1403 1606 ignari

286 1650 409 1711 rerum,
445 1652 526 1714 quae
561 1635 646 1708 mala
683 1641 772 1717 sunt,
808 1636 900 1718 quasi
939 1652 1089 1717 prospera
1128 1630 1401 1712 concupiscimus3

287 1744 406 1819 eontra,
442 1758 525 1821 quae
548 1740 634 1803 bona
664 1747 751 1822 sunt,
784 1761 841 1824 pro
874 1740 1018 1803 adversis
1037 1735 1268 1819 ,aversamurl
1326 1735 1404 1798 Fata

287 1851 424 1926 accusat,
463 1847 548 1928 quod
582 1846 785 1911 Victorinum
817 1848 893 1928 filio,
927 1848 1034 1930 ipsum
1068 1849 1181 1927 nepote
1211 1842 1402 1906 orbaverint.

287 1950 388 2014 Nemo
413 1952 551 2034 negabit,
574 1954 672 2017 verba
696 1957 768 2018 ‘nisi
787 1955 807 2016 f.
827 1955 929 2017 alius
953 1952 1084 2036 quidem
1108 1969 1196 2012 error
1217 1968 1275 2011 nos
1295 1948 1402 2030 jaetat‘

285 2065 370 2121 reete
394 2078 428 2121 so
451 2058 569 2123 habere
598 2080 663 2123 non
687 2082 787 2144 posse.
834 2061 916 2124 Nam
949 2079 1015 2124 non
1046 2059 1085 2120 de
1113 2057 1175 2119 alio
1210 2063 1242 2118 et
1272 2075 1403 2138 prorsus

287 2165 414 2227 diverso
438 2185 543 2229 errore
568 2168 682 2250 agitur,
704 2168 760 2230 sed
792 2169 832 2231 de
863 2169 984 2244 eadem,
1017 2184 1099 2248 quae
1131 2183 1230 2245 supra
1260 2164 1404 2244 exposita

288 2275 345 2351 est,
368 2274 536 2353 sententia,
560 2293 708 2356 quaeque
731 2295 910 2356 numquam
931 2281 1024 2337 antea
1046 2269 1151 2335 ‘error’
1176 2269 1331 2351 appellata
1348 2273 1403 2331 est.

286 2376 318 2439 ls
341 2378 408 2460 ipse
434 2397 531 2461 error,
564 2399 628 2462 quo
658 2382 876 2463 perducimur,
910 2387 946 2444 ut
982 2380 1063 2442 bona
1096 2397 1153 2461 pro
1185 2377 1288 2455 malie,
1319 2375 1403 2438 mala

285 2504 342 2566 pro
366 2483 460 2548 bonis
484 2488 702 2570 aestimemus
724 2508 824 2552 eausa
847 2494 903 2568 est,
935 2508 993 2551 our
1019 2484 1253 2569 providentiam
1284 2483 1403 2564 injuste

284 2610 336 2654 res
363 2592 521 2655 humanas
545 2613 654 2676 regere
677 2600 837 2677 putemus.
883 2595 995 2677 ltaque
1019 2612 1084 2655 non
1108 2592 1179 2654 leve
1202 2591 1234 2651 in
1260 2589 1309 2651 liis
1333 2609 1403 2651 ver·

287 2697 335 2760 bis
371 2702 419 2760 est
453 2700 577 2781 vitium,
616 2702 702 2783 quod
737 2722 803 2765 non
839 2703 983 2786 tangitur
1016 2698 1187 2763 Niebulrrii
1221 2697 1405 2777 conjectura

286 2804 440 2886 ‘quidam'
474 2826 532 2888 pro
568 2803 728 2891 ‘quideml
784 2809 906 2872 Multae
945 2813 1029 2871 eerte
1063 2804 1296 2868 emendationis
1334 2804 1404 2866 viae

286 2916 373 2991 sunt,
397 2914 486 2975 velut
509 2914 536 2975 si
560 2915 700 2998 corrigas
723 2916 899 2999 ‘antiquus'
928 2915 979 2978 vel
1002 2914 1117 2975 ‘avinis
1149 2909 1255 2973 error’.
1302 2909 1403 2972 Multo

287 3023 394 3080 tamen
418 3028 580 3101 praestare
604 3022 733 3085 videtur
753 3023 828 3085 hoo:
852 3024 923 3086 ‘nisi
940 3022 1019 3084 forte
1043 3020 1152 3081 avius
1177 3017 1329 3099 quidam
1344 3036 1403 3079 nos

287 3143 376 3186 error
394 3126 491 3206 ja'otat
512 3128 548 3189 of.
567 3127 676 3191 Seneo.
689 3128 801 3191 Troade
827 3114 855 3190 r.
873 3129 936 3190 572
958 3126 1071 3208 (Rieht
1087 3124 1166 3206 Peip
1183 3156 1223 3176 =
1243 3144 1272 3187 r.
1293 3119 1403 3202 56366)

290 3232 385 3313 prior.
410 3232 551 3313 edition.)
575 3231 882 3298 ubi⁴Andromacha
905 3235 961 3296 itia
980 3232 1115 3295 filiolum
1139 3230 1303 3293 absentem
1327 3248 1402 3311 que·

286 3339 382 3399 ritur:
420 3338 532 3420 Gnate,
561 3343 633 3423 quis
656 3347 688 3404 to
711 3362 801 3405 nuno
832 3342 931 3422 laeuo,
959 3339 1101 3402 Fortuna
1132 3355 1214 3418 quae
1240 3337 1403 3418 possedit?

287 3462 418 3507 errore
442 3447 526 3508 avio
542 3446 656 3530 Vagus
680 3469 756 3511 arva
778 3449 917 3512 lustras?
963 3446 1082 3509 Tamen
1099 3445 1128 3505 h.
1144 3444 1163 3504 l.
1187 3443 1285 3505 ‘error
1301 3443 1402 3506 avius'

288 3569 355 3612 non
388 3553 604 3634 metaphorice
639 3554 677 3617 de
712 3556 834 3639 ingenii
862 3556 939 3618 vitio
963 3553 1018 3616 sed
1041 3552 1168 3634 proprie
1192 3549 1231 3612 de
1255 3551 1341 3612 arvis
1364 3549 1403 3612 ab

287 3657 469 3721 errabundo
492 3661 693 3742 perlustratis
718 3662 843 3742 dieitur,
874 3667 906 3724 et
938 3678 1015 3722 sana
1047 3657 1154 3720 audax
1186 3662 1217 3717 et
1243 3657 1403 3738 poeticum

287 3770 344 3845 est,
368 3765 454 3847 quod
478 3768 660 3850 0011J‘eetura
683 3767 838 3831 Frontoni
861 3768 1017 3830 dedimus.
1063 3763 1125 3829 Sed
1147 3763 1283 3844 saepius,
1307 3783 1404 3845 quam

375 4047 419 4117 65)
437 4047 479 4101 Ita
497 4049 601 4102 correxi
622 4050 723 4104 oodieis
742 4049 884 4104 lectionem
902 4050 961 4103 sine
989 4048 1154 4102 dubitatione
1173 4046 1268 4100 falsam
1295 4046 1401 4100 ‘lani-

286 4135 415 4192 fioum’.

375 4224 419 4295 66)
437 4226 518 4281 Error
535 4231 577 4281 ost
594 4245 635 4296 ap.
654 4227 763 4282 Foroell.
783 4228 830 4296 qut
848 4227 941 4282 laudat
958 4226 1019 4281 San.
1038 4226 1166 4293 Thyest
1178 4226 1238 4280 563.
1279 4224 1403 4279 Ceterum

286 4315 319 4372 et.
339 4314 386 4369 Sil.
404 4314 464 4370 Ital.
485 4315 540 4369 ΧΠ
557 4316 610 4372 493
629 4316 684 4370 lnit
701 4332 773 4370 nuno
792 4317 855 4371 avia
873 4318 964 4384 coepto
984 4314 1113 4370 Consilia,
