3175 5009
718 430 759 497 33

182 623 286 690 stione
309 630 376 688 tam
399 622 520 689 difficili
541 625 586 688 ita
609 629 735 687 tantum
759 622 863 686 bonae
884 624 986 707 frugis
1010 622 1133 706 ahquid
1155 643 1206 687 me
1222 641 1297 687 con-

181 738 369 797 secuturum
395 752 464 797 esse
491 734 612 816 putavi,
639 735 677 793 nt
701 732 771 812 ipse
799 730 878 792 mihi
906 729 1080 793 diffiderem
1110 736 1142 794 et
1170 751 1298 795 omnem

181 859 250 901 rem
274 840 368 901 certis
393 837 586 922 quibusdam
621 837 741 921 regulis
771 836 963 920 legibusque
986 836 1185 920 subicerem,
1217 858 1298 921 quas

184 946 256 1028 jam,
278 947 470 1028 priusquam
493 946 533 1009 ad
555 948 658 1029 ipsam
682 964 750 1007 rem
773 943 1006 1027 aggrediamur,
1030 945 1178 1027 aperiam.

270 1050 313 1114 Et
335 1054 477 1136 primum
501 1054 632 1135 quidem
655 1057 910 1116 consentaneum
934 1055 990 1132 est,
1021 1051 1104 1114 hanc
1137 1071 1298 1114 summam

183 1160 280 1221 totius
305 1160 500 1241 quaestionis
524 1179 593 1224 esse
615 1161 729 1243 legem,
759 1164 797 1222 ut
823 1157 931 1239 verba,
963 1158 1002 1221 de
1036 1157 1152 1240 quibus
1184 1158 1299 1241 agitur,

183 1285 309 1349 semper
341 1286 400 1330 seu
431 1285 564 1350 prorsus
594 1267 688 1329 metri
720 1266 841 1349 regulis
874 1266 1108 1345 contineantur,
1140 1284 1197 1327 seu
1220 1284 1300 1346 pau-

182 1374 320 1435 cissimis
343 1374 473 1436 mutatis
502 1371 659 1436 additisvc
690 1372 776 1435 facili
808 1373 935 1455 negotio
968 1373 1014 1435 eis
1046 1371 1166 1455 regulis
1197 1370 1301 1433 subici

182 1475 360 1562 possint.⁷4)
408 1476 449 1541 ut
470 1478 564 1541 facile
586 1480 786 1562 perspicitur,
809 1479 837 1540 si
859 1478 1046 1542 hexameter
1068 1477 1177 1541 verbis
1201 1478 1300 1561 scrip-

185 1588 262 1649 toris
286 1584 452 1667 efficiatur,
484 1585 585 1648 multo
613 1587 733 1666 maiore
759 1586 833 1667 jure
865 1586 1023 1668 poeticam
1056 1585 1213 1668 originem
1243 1604 1301 1647 nos

185 1694 342 1776 suspicari
357 1710 458 1776 posse,
484 1712 578 1774 quam
604 1694 631 1755 si
649 1693 810 1756 trochaice
835 1692 885 1754 vel
897 1692 1037 1773 jambico
1053 1692 1181 1771 rythmo
1201 1692 1301 1755 oratio

183 1836 397 1845 ..—--—-———-

186 1886 257 1939 nihil
275 1886 380 1953 prosius
399 1900 457 1938 esse
475 1887 571 1956 potest,
589 1886 619 1938 in
637 1885 736 1940 Emilia
754 1886 854 1939 Galotti
871 1885 907 1953 H,
930 1888 949 1939 4
967 1886 1002 1955 (p.
1023 1885 1074 1940 211
1094 1885 1178 1955 Kurz)
1197 1885 1303 1939 excidit

187 1974 303 2042 optimus
320 1974 487 2027 hexameter:
832 2028 835 2033 ,

274 2062 342 2115 Hier
359 2078 411 2114 nur
428 2062 527 2116 konnte
546 2064 594 2115 der
612 2063 677 2116 Grai
693 2063 810 2116 Emilien
828 2063 918 2117 finden
936 2063 992 2115 und
1010 2062 1075 2115 land
1093 2061 1142 2116 sie.

274 2151 383 2204 Invenit
410 2150 539 2219 mihique,
567 2154 599 2204 ut
624 2151 727 2219 publici
751 2151 821 2219 juris
852 2152 984 2218 lacerem,
1015 2150 1139 2217 permisit
1168 2150 1301 2204 Ricardus

188 2239 395 2307 l'uerschmaun,
415 2256 495 2309 quem
512 2257 560 2307 pro
578 2257 643 2294 vero
661 2240 800 2293 Musarum
818 2239 954 2293 sacerdote
973 2254 1086 2292 veneror
1105 2239 1249 2309 diligoque.
1295 2253 1297 2258 ’

277 2327 322 2397 74)
341 2326 417 2392 Quod
436 2328 502 2396 dixi,
522 2330 612 2382 nostro
627 2329 688 2397 jure
707 2345 756 2382 nos
774 2328 847 2382 levia
865 2328 995 2397 quaedam
1014 2329 1117 2381 mutare
1136 2345 1221 2397 posse,
1241 2346 1304 2382 cum

186 2416 236 2469 vix
260 2416 391 2484 exemplis
413 2419 497 2487 egeat,
525 2419 615 2471 tamen
642 2418 695 2471 duo
718 2417 892 2485 epermultis
920 2417 1028 2470 addam:
1059 2416 1183 2471 Dubitari
1201 2418 1303 2486 nequit,

188 2505 254 2573 quin
281 2507 364 2559 verba
382 2504 489 2559 Laberii
517 2522 533 2559 a
550 2505 586 2560 M.
607 2506 718 2560 Caesare
737 2524 765 2575 p.
783 2507 819 2561 30
836 2524 863 2561 v.
883 2505 917 2559 16
936 2521 975 2574 sq.
994 2504 1110 2558 laudata.
1135 2506 1216 2560 ‘amor
1240 2509 1303 2560 tuus

188 2596 244 2646 tam
263 2593 316 2647 cito
336 2593 439 2661 crescit,
459 2609 540 2662 quarn
558 2611 660 2664 porrus,
679 2604 734 2649 tam
752 2595 829 2648 firme
847 2610 927 2663 quam
945 2592 1040 2661 palma’
1060 2594 1099 2646 ita
1116 2595 1205 2661 potius
1223 2596 1302 2650 aLa·

189 2683 262 2736 berio
281 2683 381 2750 scripta
399 2682 511 2735 fuerint:

391 2788 408 2807 v
439 2772 467 2808 —‘
498 2788 515 2807 υ
544 2803 577 2810 -
605 2789 622 2808 ν
652 2772 680 2809 —‘
703 2774 858 2830 emortuus
876 2771 932 2825 tam
950 2771 1003 2825 cito

383 2856 487 2912 Crescit
505 2876 585 2928 quarn
602 2877 705 2929 porrus
724 2861 779 2914 tam
799 2877 879 2929 quam
897 2859 987 2928 palma
1004 2856 1126 2914 firmiter.

188 2948 221 3001 cf.
240 2947 389 3000 Buecheler
408 2963 449 3015 ap.
469 2947 695 3018 Ribbeckl'rgm.
714 2966 781 3004 com.
801 2949 872 3002 Lat.2
889 2948 982 3002 Laber.
1001 2965 1028 3001 v.
1049 2947 1108 3003 132.

279 3037 394 3090 heodem
409 3037 471 3105 jure
489 3039 571 3091 verba
589 3055 605 3091 a
621 3038 658 3094 M.
678 3039 790 3092 Caesare
808 3054 834 3106 p.
854 3038 887 3090 27
907 3054 933 3091 v.
953 3039 969 3091 5
987 3036 1106 3090 laudata:
1130 3037 1210 3091 ‘Nam
1227 3037 1302 3090 illius

191 3127 307 3195 quidem,
327 3125 479 3180 utPlautus
491 3127 536 3196 ait,
556 3128 655 3181 amoris
673 3128 761 3181 imber
773 3127 919 3196 grandibus
931 3126 1014 3194 guttis
1032 3142 1086 3179 nou
1104 3128 1206 3179 vestem
1224 3127 1302 3180 medo

191 3215 366 3283 permanavit,
385 3216 432 3268 sed
451 3215 480 3268 in
492 3215 637 3270 medullam
655 3216 726 3271 ultro
738 3216 805 3270 fluit’
826 3217 865 3286 (in
877 3216 997 3283 margine
1010 3213 1106 3284 ‘pluit')
1125 3215 1163 3268 ita
1178 3214 1301 3270 aPlauto

189 3305 288 3372 scripta
306 3304 388 3357 fuisse
407 3307 485 3372 puto:

299 3395 326 3432 Δ
358 3410 375 3430 υ
405 3424 435 3431 -
464 3411 481 3430 υ
512 3394 540 3431 -‘
562 3394 660 3447 amoris
678 3392 764 3447 imber
782 3393 866 3463 guttis
885 3392 1031 3460 grandibus

295 3482 354 3536 Non
375 3484 477 3535 vestem
490 3482 567 3535 modo
580 3479 756 3551 permanavit,
777 3465 825 3535 add
842 3490 873 3535 in
890 3480 1036 3534 medullam
1054 3479 1125 3534 ultro
1143 3480 1220 3549 pluit
1254 3529 1261 3547 ,

190 3572 229 3624 De
248 3571 412 3639 syllabarum
436 3571 492 3624 ‘sed
510 3569 546 3622 in’
572 3587 697 3625 mensura
720 3573 754 3624 cf.
772 3570 844 3624 Tria.
863 3569 910 3638 IV,
930 3571 955 3640 4,
975 3570 992 3622 9
1015 3568 1071 3623 ‘sed
1093 3570 1167 3622 intus
1189 3569 1301 3624 narrabo

188 3660 245 3714 tibi'
266 3664 293 3713 et
314 3660 413 3715 Bacch.
432 3660 479 3729 IV,
498 3660 523 3728 9,
543 3661 577 3713 14
596 3657 656 3713 '‘sdd
680 3661 709 3714 iu
734 3660 803 3714 lecto
826 3658 954 3713 accubat’.
991 3659 1024 3712 cl.
1043 3658 1111 3711 Brix
1129 3660 1211 3726 praei.
1229 3659 1300 3714 Trin.

188 3766 214 3816 p.
235 3750 276 3803 14.
313 3749 454 3802 Praeterea
473 3749 544 3819 quod
562 3749 691 3817 marginis
709 3749 852 3803 lectionem
871 3746 955 3815 ‘pluit'
975 3747 1001 3799 ei
1020 3747 1090 3815 quod
1111 3747 1140 3800 in
1158 3749 1234 3800 textu
1261 3751 1302 3801 est

189 3837 264 3891 ‘fluit'
284 3836 406 3906 praetuli,
424 3831 623 3893 allitterationis
642 3839 792 3893 rationibus
810 3839 910 3892 factum
930 3837 979 3889 est.
1016 3836 1049 3890 ci.
1069 3834 1182 3890 Mostell.
1200 3836 1222 3906 I,
1242 3837 1266 3904 3,
1284 3838 1299 3889 7

188 3929 279 3981 ‘Amor
297 3929 324 3980 et
342 3925 445 3994 Cupido
463 3927 604 3996 inpactus
622 3928 740 3996 perpluit
758 3930 865 3981 meum)

278 4016 402 4070 Ceterum
420 4018 492 4069 recte
510 4014 675 4070 Ritschelius
693 4017 727 4070 ad
745 4014 859 4071 Mostell.
878 4014 900 4082 I,
920 4014 944 4083 2,
963 4014 998 4068 59

313 4102 452 4159 ‘Continuo
472 4121 519 4173 pro
537 4105 623 4158 imbre
642 4105 716 4159 amor
733 4104 844 4159 advenit
862 4143 1028 4159 .......
1101 4143 1104 4147 -

312 4190 443 4261 istisque
461 4193 491 4246 in
509 4196 602 4261 pectus
620 4191 797 4265 permanavit,
815 4190 1007 4262 permadefecit
1025 4188 1070 4243 cdr
1088 4189 1194 4244 meum!

189 4287 280 4335 contra
306 4282 409 4350 Majum
437 4283 552 4354 adnotat,
582 4300 635 4337 non
662 4300 721 4339 esse
749 4282 877 4337 credibile
905 4281 958 4333 huc
985 4281 1105 4347 spectare
1132 4278 1168 4332 M.
1197 4278 1301 4331 Aurelii

188 4372 277 4426 verba.
315 4370 379 4425 Sine
398 4372 479 4426 dubio
497 4389 531 4425 ex
550 4372 688 4440 deperdita
705 4372 797 4427 Plauti
814 4369 905 4427 fabula
922 4370 1019 4423 hausta
1036 4371 1106 4423 sunt.

1088 4472 1105 4525 3
