3175 5009
819 415 838 474 2

184 659 187 664 ⁴
271 625 380 668 rarum
402 607 524 688 partem
548 601 767 683 tractabimus,
800 621 883 684 quae
915 603 967 665 vel
999 604 1199 667 amoenitatis
1230 604 1385 687 pulcritu-

272 712 421 794 dinisque
460 711 626 775 illecebras
664 708 814 794 praebeat
852 709 904 771 vel
943 711 1174 773 sententiarum
1217 711 1386 776 altitudine

270 819 447 901 legentium
475 819 599 881 animos
627 816 736 880 efferat
758 815 812 878 vel
841 833 950 878 rerum
978 816 1167 879 traditarum
1194 818 1285 900 copia
1312 838 1386 881 nos-

270 929 351 988 tram
385 926 550 988 seientiam
584 922 766 1007 amplificet,
797 913 908 985 vereor
938 942 980 986 ne
1014 925 1123 1006 magni
1156 943 1234 987 sane
1266 929 1385 987 tractus

270 1032 450 1095 litterarum
473 1037 504 1095 et
528 1031 722 1095 Graecarum
747 1035 777 1092 et
799 1026 985 1091 Latinarum
1016 1030 1130 1092 inculti
1156 1031 1285 1112 jacituri
1313 1033 1385 1093 sint.

271 1137 441 1201 Praeterea
468 1157 533 1200 non
557 1137 751 1201 Frontonem
777 1140 905 1218 propter
932 1134 1124 1199 Frontonem
1149 1157 1289 1200 -nam
1317 1142 1386 1201 tum

273 1245 403 1328 quidem
428 1263 524 1328 opera
554 1245 626 1308 lusa
650 1248 734 1308 esset
756 1280 800 1287 —
822 1242 971 1325 legimns,
1003 1248 1244 1326 pertractamus
1279 1265 1386 1308 omen-

272 1352 346 1414 dare
369 1351 547 1433 studemus,
571 1352 626 1415 sed
649 1355 778 1434 propter
800 1368 929 1412 morum
952 1348 1170 1413 Romanorum
1202 1356 1234 1414 et
1256 1351 1386 1435 linguae

271 1456 404 1520 Latinae
419 1458 594 1539 historiam,
615 1478 713 1540 quam
736 1476 778 1519 ex
801 1457 862 1518 hoc
886 1456 971 1519 fonte
996 1459 1144 1540 quamvis
1167 1458 1259 1520 foedo
1279 1463 1386 1521 tamen

270 1565 418 1627 nonnihil
448 1563 551 1628 bonae
584 1564 686 1647 frugis
717 1564 880 1647 percipere
912 1582 1005 1645 posse
1034 1583 1128 1627 nemu
1157 1565 1297 1648 negabit,
1324 1567 1387 1628 nisi

271 1673 329 1754 qui
351 1692 531 1754 numquam
555 1690 597 1734 ex
620 1689 657 1734 eo
680 1670 833 1733 hauserit.

359 1812 420 1876 His
444 1813 483 1876 de
507 1813 614 1875 causis
637 1831 679 1874 ex
703 1832 768 1895 qno
791 1813 934 1895 primum
957 1812 1104 1895 Angelus
1121 1811 1226 1893 Majus
1242 1831 1259 1874 e
1274 1813 1387 1895 palim-

270 1924 378 2003 psesto
405 1917 620 1982 Ambrosiano
648 1903 770 2001 partem
800 1937 910 1980 earum
934 1920 1154 2002 epistularum,
1185 1938 1266 2000 quae
1298 1940 1388 1982 nunc

270 2028 306 2089 in
330 2027 507 2089 novissima
531 2025 668 2088 editione
692 2046 711 2087 a
734 2023 862 2087 Nabero
886 2044 912 2086 a.
929 2022 1210 2086 Moooonxvir
1232 2024 1318 2109 Lips.
1339 2048 1386 2109 ap.

271 2133 391 2197 Teubn.
421 2136 533 2195 curata
560 2135 697 2212 exstant,
728 2130 849 2215 publici
876 2133 961 2212 juris
988 2131 1071 2212 fecit,
1094 2132 1158 2193 viri
1186 2131 1270 2194 docti
1300 2133 1387 2195 hand

271 2240 492 2322 infrequentes
521 2239 561 2300 ad
587 2237 759 2300 Frontonis
787 2239 904 2320 scripta
936 2238 1103 2300 tractanda
1130 2243 1161 2300 ot
1189 2240 1388 2302 emendanda

273 2349 486 2410 accesserunt.
534 2343 622 2419 Quos
646 2362 758 2407 omnes
782 2362 972 2407 enumerare
1000 2351 1032 2407 et
1058 2345 1192 2426 longum
1224 2352 1255 2407 et
1279 2367 1388 2429 super-

205 2497 207 2501 >
272 2452 376 2516 fluum
400 2456 456 2534 est,
484 2471 558 2514 cnm
589 2450 624 2513 id
652 2470 777 2513 summa
808 2455 882 2512 dum
910 2450 1075 2534 diligentia
1098 2453 1166 2533 jam
1197 2451 1317 2515 factum
1348 2455 1389 2517 sit

272 2580 292 2622 a
325 2558 464 2622 Rudolt'o
499 2556 699 2621 Flussmann
735 2558 770 2620 in
810 2558 1030 2621 dissertatione
1072 2556 1272 2641 Gottingensi
1311 2563 1388 2623 anni

273 2660 545 2747 MDCOOLXXP,
580 2666 634 2728 cui
663 2665 827 2747 inscripsit
852 2664 1102 2727 ‘Emendationis
1133 2663 1388 2747 Frontonianae’,

274 2791 422 2856 quaeque
445 2773 578 2855 repetita
600 2776 648 2834 est
674 2773 710 2834 in
739 2771 838 2834 altero
865 2771 972 2835 libello
1004 2776 1096 2834 aucto
1125 2775 1157 2834 et
1188 2773 1387 2856 amplificato,

272 2879 375 2942 tribus
402 2879 497 2942 annis
524 2884 595 2962 post
625 2879 754 2941 emisso:
786 2877 1046 2942 ‘Emendatioues
1069 2877 1305 2941 Frontonianae
1329 2899 1387 2941 ser.

273 2984 310 3048 R.
327 2984 378 3048 Kl.
401 2985 490 3048 Inest
513 2985 650 3069 epistula
672 2987 783 3048 critica
805 2984 968 3048 Guilielmi
993 2985 1195 3048 Studemund
1220 2985 1259 3046 ad
1282 2984 1318 3046 R.
1336 2984 1386 3048 Kl.

273 3092 424 3155 Berolini.
449 3091 585 3172 Calvary
601 3089 899 3172 MDoochIV’ss)
929 3092 1009 3154 Plus
1028 3098 1158 3153 centum
1178 3092 1257 3153 locis
1273 3090 1388 3153 Kluss-

274 3219 413 3262 mannus
441 3201 623 3281 conjectura
649 3198 804 3262 medelam
836 3198 947 3260 afferre
980 3204 1112 3259 conatus
1144 3201 1201 3260 ost.
1255 3195 1326 3271 Quo
1355 3199 1388 3259 in
1487 3263 1490 3270 ,

275 3307 403 3389 negotio
439 3325 504 3368 non
540 3324 667 3388 semper
699 3306 769 3389 pari
798 3311 918 3368 eventu
952 3309 1098 3367 vorsatus
1127 3309 1182 3367 est.
1234 3302 1389 3378 Quamvis

276 3414 363 3476 enim
401 3412 558 3474 nonnulla
595 3413 750 3494 sagaciter
783 3413 949 3475 invenisse
987 3415 1018 3474 et
1051 3430 1176 3494 semper
1214 3431 1279 3473 non
1321 3412 1389 3474 sine

275 3519 420 3582 doctrina
443 3519 546 3602 egisse
566 3518 764 3600 judicandus
788 3520 837 3600 sit,
860 3523 968 3581 tamen
992 3537 1095 3601 saepe,
1125 3517 1181 3579 ubi
1214 3518 1390 3580 difficiliora

276 3627 421 3706 tentavit,
453 3629 508 3689 aut
534 3645 666 3709 prorsus
693 3623 813 3688 falsum
841 3631 896 3689 ant
925 3645 1039 3708 parum
1066 3623 1228 3706 probabile
1256 3628 1388 3688 invenit.

278 3732 444 3796 Praeterea
483 3732 630 3815 quamvis
668 3730 704 3793 in
744 3733 909 3816 diligentia
952 3731 1038 3813 operi
1082 3731 1225 3794 adhibita
1264 3753 1390 3796 summa

277 3838 488 3902 Klussmanni
510 3842 582 3903 laus
605 3840 817 3921 contineatur,
843 3844 952 3902 tamen
979 3858 1044 3901 non
1073 3838 1193 3920 ubique
1220 3841 1390 3922 neglegen-

277 3947 340 4008 tiae
364 3947 491 4031 culpam
514 3948 614 4010 vitare
637 3941 784 4031 potuit4l

276 4128 489 4137 ——--—-—

367 4246 394 4318 3)
413 4247 524 4316 Semper
542 4246 655 4302 alterum
673 4244 795 4300 libellum
815 4243 966 4298 citabimus

367 4352 395 4424 4)
414 4354 447 4408 cf.
461 4354 504 4409 Kl.
521 4355 540 4409 1.
560 4371 582 4409 c.
601 4371 626 4424 p.
645 4355 680 4409 42
700 4351 804 4406 ‘ceteris
821 4350 889 4404 locis
908 4350 1031 4404 omuibus
1053 4350 1161 4404 «vinea-i
1183 4352 1313 4418 scriptum
1332 4354 1388 4403 est.
